2954 4772
717 287 761 354 46

213 456 329 527 Iustini
350 455 602 527 exclamationes
624 459 811 536 rhetoricae,
826 462 866 530 de
885 463 1010 531 incerta
1031 459 1269 529 sortehumana

215 570 248 632 et
269 584 373 631 rerum
392 563 549 630 varietate
570 569 606 629 ut
629 565 671 630 ab
692 564 855 634 Herodoto
885 567 1011 634 alienae
1039 570 1130 652 sunt,
1156 565 1203 630 ite
1225 561 1269 630 ed

215 675 374 737 oratorem
395 669 501 755 potius
523 675 679 756 spectant.

281 775 346 844 Sed
367 775 419 842 bio
442 776 680 843 subsistendum
701 783 733 844 et
755 777 798 843 ad
819 778 1025 845 Plutarchum
1048 777 1271 846 revertendum

216 888 281 968 est,
315 902 390 947 nam
413 901 496 965 quae
526 900 596 967 cap.
618 882 713 948 XVII
745 882 797 949 hic
820 891 945 970 namet,
975 883 1101 949 virtutis
1129 883 1270 969 palmam

217 988 300 1055 inter
322 986 469 1053 civitates
490 984 668 1070 Aeginetae
698 993 892 1073 reportasse,
925 988 1133 1055 Themistocli
1160 1007 1270 1055 omnes

219 1092 347 1178 quidem
369 1091 416 1158 rei
438 1091 521 1158 bene
551 1097 663 1175 gestae
686 1093 822 1176 gloriam
854 1094 1022 1178 tribuisse,
1054 1092 1271 1161 Lacedaemo·

216 1199 288 1266 nios
321 1204 428 1264 autem
460 1197 610 1283 Spartam
647 1219 719 1264 eum
750 1199 924 1268 abduxisse
954 1198 1063 1284 ibique
1092 1200 1271 1286 Eurybiadi

216 1304 429 1389 fortitudinis,
462 1303 510 1369 illi
548 1303 726 1390 sapientiae
762 1305 940 1392 praemium
971 1306 1137 1393 tribuisse,
1166 1326 1270 1393 neque

215 1410 357 1479 Iustinus
379 1428 439 1475 nec
460 1409 568 1494 Nepos
596 1409 768 1476 memoriae
796 1409 1004 1477 tradiderunt.
1058 1411 1163 1494 Atque
1194 1412 1271 1478 Dio-

217 1515 287 1583 dori
309 1513 437 1600 quidem
460 1517 572 1579 auctor
591 1513 772 1580 Herodotus
795 1513 895 1580 fuisse
917 1514 1041 1599 nequit,
1065 1514 1270 1599 quiquidem

217 1618 341 1706 etipse
362 1616 489 1702 scripsit
511 1614 552 1704 (c.
575 1618 617 1682 93
645 1624 677 1683 et
700 1615 777 1705 122)
810 1617 987 1702 Aeginetas
1018 1619 1136 1704 primas
1164 1639 1271 1705 repor-

217 1735 320 1809 tasse,
350 1721 407 1790 sed
430 1721 537 1789 omisit
565 1722 894 1790 Lacedaemoniorum
916 1723 1055 1790 maxime
1082 1725 1271 1791 auctoritate

208 1838 251 1900 ,11
272 1828 396 1897 invidia
418 1825 538 1892 iactum
561 1846 649 1913 esse,
670 1833 706 1893 ut
728 1829 793 1894 tale
815 1828 1004 1913 suffragium
1027 1849 1048 1894 a
1069 1829 1203 1897 Graecis
1224 1829 1271 1896 la·

205 1943 285 2005 =tum
307 1935 363 2020 sit,
394 1952 497 2017 neque
519 1933 625 2017 magis
656 1933 783 2019 scripsit
819 1933 1082 2021 Themistoclem,
1112 1935 1187 2019 quia
1215 1934 1271 2001 ho·

217 2040 349 2108 nuribus
371 2059 392 2103 a
412 2035 678 2103 Lacedaemoniis
700 2043 785 2103 esset
806 2038 927 2124 elatus,
958 2039 1000 2104 ab
1023 2038 1271 2106 Atheniensibus

217 2143 419 2233 imperatoris
440 2141 510 2208 1111
533 2148 653 2208 motum
675 2149 707 2208 et
727 2143 916 2230 Xanthippo
931 2143 1099 2230 imperium
1120 2144 1272 2211 traditum

219 2271 299 2320 1111.
342 2246 533 2314 Plutarchus
556 2252 662 2312 autem
684 2267 836 2331 magnam
858 2267 937 2333 prae
959 2269 994 2316 se
1022 2249 1084 2315 fert
1106 2255 1138 2315 11
1159 2251 1271 2318 verbo·

218 2379 288 2425 rum
311 2362 343 2423 et
365 2374 469 2421 rerum
495 2372 566 2418 cum
588 2351 751 2419 Herodoto
781 2353 1034 2440 similitudinem,
1067 2355 1151 2422 unde
1180 2377 1272 2443 prae·

219 2463 328 2531 sertim
364 2480 437 2526 cum
470 2458 540 2544 ipse
570 2457 767 2525 Herodotum
799 2465 961 2527 auctorem
995 2461 1138 2528 nominet
1176 2460 1273 2528 facile

207 2570 291 2656 quis
321 2565 528 2650 concluserit,
560 2563 737 2630 Diodorum
759 2565 887 2648 quidem
909 2586 949 2632 ex
972 2567 1114 2654 Ephoro,
1147 2568 1273 2636 Plutar-

220 2676 314 2742 chum
336 2679 443 2739 autem
474 2690 515 2736 ex
538 2669 701 2736 Herodoto
727 2669 882 2737 hausisse.
943 2670 1008 2738 Sed
1024 2672 1167 2764 primum
1189 2674 1274 2758 quod

218 2777 408 2848 Plutarchus
431 2774 501 2861 ipse
522 2774 718 2842 Herodotum
740 2780 854 2842 testem
876 2776 979 2862 affert,
1000 2777 1064 2844 nisi
1086 2778 1153 2845 alia
1173 2780 1274 2847 multa

219 2883 391 2968 accedunt,
413 2900 541 2968 prorsus
563 2880 644 2946 nihil
664 2882 768 2967 valet,
790 2880 907 2948 deinde
927 2902 969 2948 11
991 2881 1122 2950 difficile
1145 2884 1274 2969 quidem

220 3000 269 3061 est
291 2992 525 3074 demonstrare,
559 2985 644 3052 unde
666 2986 963 3054 Halieumassensis
995 3008 1112 3054 nomen
1144 2989 1179 3057 in
1199 2991 1274 3056 Plu·

218 3097 322 3167 tarchi
343 3095 444 3163 verba
465 3093 636 3179 irrepserit.
681 3092 862 3159 Scholiasta
885 3094 970 3159 enim
992 3093 1034 3159 ad
1055 3094 1148 3161 Pind.
1164 3096 1274 3164 Istbm.

219 3205 258 3278 V.
280 3227 310 3271 v.
323 3204 365 3269 63
387 3199 575 3286 adscripsit:
599 3197 812 3262 ὑπαινίπεται
833 3198 888 3284 τὴν
910 3203 983 3283 περὶ
1001 3199 1175 3284 Σαλαμῖνα
1198 3224 1275 3267 ναυ-

218 3311 341 3394 μαχίαν
362 3308 426 3370 τῶν
442 3301 621 3388 Ἑλλήνων,
656 3297 692 3388 ἧς
715 3301 893 3385 1111111111
918 3301 1062 3388 ἀριστεῖα
1084 3302 1116 3368 oi
1139 3304 1276 3391 Αἰγινῆ-

219 3438 271 3480 ται
293 3411 387 3476 andu'
413 3424 511 3496 φησιν
526 3404 699 3492 Ἡρόδοτός
729 3431 760 3472 aa
788 3408 1026 3494 κα1Ἕφορος“,
1055 3409 1157 3497 unde,
1190 3431 1274 3495 quae

219 3527 268 3587 est
296 3522 439 3585 veterum
470 3512 625 3580 laudandi
656 3512 866 3599 cousuetudo,
913 3513 1088 3581 certissime
1130 3519 1274 3600 apparet,

218 3625 382 3712 Ephorum
404 3619 593 3707 ipsumhoc
614 3619 685 3686 loco
708 3619 863 3685 Herodoti
886 3639 1002 3685 nomen
1016 3618 1060 3684 ad
1080 3617 1274 3685 fulciendam

219 3750 311 3798 suam
332 3724 523 3796 sententiam
544 3723 579 3789 in
600 3722 700 3789 verba
723 3722 881 3809 recepisse
905 3722 1109 3789 Plutarchum
1131 3743 1217 3808 vero,
1241 3728 1276 3788 ut

219 3836 274 3922 qui
296 3832 458 3901 rarissime
480 3829 600 3896 fontem
633 3829 819 3916 primarium
847 3830 1003 3916 nominet,
1038 3829 1142 3896 solum
1174 3830 1275 3897 Hero-

220 3942 288 4008 doti
309 3959 425 4007 nomen
448 3953 603 4003 servasse.
669 3935 780 4018 Neque
817 3934 916 4001 aliam
947 3933 1075 4018 quidem
1102 3933 1187 4001 inter
1220 3953 1275 4000 eos

219 4045 419 4116 intercedere
450 4041 608 4108 rationem
640 4039 777 4124 cogitari
804 4045 925 4126 potest,
959 4039 1151 4106 Plutarchus
1181 4039 1275 4125 enim,

220 4174 293 4221 eum
313 4144 347 4219 iri
370 4147 510 4218 secundo
533 4165 627 4213 versu
649 4145 805 4212 Herodoti
827 4145 1017 4212 auctoritate
1039 4144 1098 4211 niti
1120 4143 1278 4230 videatur,

219 4260 255 4330 in
286 4264 356 4346 ipso
384 4254 478 4322 tertio
515 4249 736 4342 (Θεμιςτοκλιτ
765 4296 775 4316 .
810 4296 818 4315 .
853 4251 887 4316 τὸ
922 4259 1076 4338 apamiae
1109 4247 1278 4316 ἀπέδοσαν
