2954 4772
713 303 813 376 1⁰·

204 473 301 548 etiam
321 479 409 568 apud
429 479 635 551 Plutarchum
655 483 823 570 leguntur,
838 487 884 552 lut
905 479 1081 552 certissime
1102 479 1178 582 iude
1200 499 1257 568 ap·

203 595 330 677 pareat,
365 592 528 661 Plutarchi
562 600 724 662 auctorem
756 593 980 681 Thucydidem
1009 593 1128 680 optime
1150 590 1258 676 cogni·

202 698 270 760 tum
300 695 461 766 habuisse.
516 699 634 769 Oonfer
656 700 751 767 modo
773 699 972 786 Thucydidis
996 699 1097 768 verba
1120 698 1159 787 (Ι,
1183 696 1255 785 14):

199 795 398 886 Ἀθηναίους
437 803 650 892 Θεμιστοκλῆς
698 804 822 870 ἔπεισεν
862 804 1036 890 Αἰγινήτας
1077 802 1258 887 πολεμοῦν-

202 928 274 994 τας,
297 912 364 972 καὶ
385 909 465 992 οἶμα
488 915 558 976 τοῦ
579 909 795 996 βαρβάρου
817 910 1103 996 προςδοκίμου
1133 908 1257 994 ὄντος,

202 1013 259 1088 τοῖς
291 1017 372 1090 ναῦς
404 1015 625 1103 ποιήσασθαι,
670 1015 816 1102 αἷσπερ
848 1019 920 1080 καὶ
950 1015 1256 1100 ἐναυμάχησαν,

202 1137 273 1188 cum
288 1121 459 1190 Plutarcho
475 1144 500 1190 o.
513 1124 566 1191 fin.
584 1145 653 1210 cap.
664 1123 730 1189 III:
756 1119 797 1186 Oi
813 1125 873 1204 μὲν
894 1122 957 1207 μὰρ
979 1120 1074 1186 ἄλλοι
1097 1145 1125 1186 κ.
1134 1144 1158 1185 τ.
1172 1119 1200 1185 λ.
1222 1141 1254 1187 v.

201 1223 290 1294 infra
303 1232 427 1328 et'cap.
438 1230 484 1296 IV
495 1229 538 1316 (v.
549 1230 593 1297 24
603 1252 634 1316 p.
645 1227 724 1316 224)
740 1227 872 1293 Ἑκατὸν
891 1227 1099 1314 ἐποιήθησαν
1112 1272 1121 1292 .
1132 1270 1142 1292 .
1153 1271 1162 1290 .
1173 1219 1257 1311 τριηῗ·

202 1338 447 1412 ρεις,αϊκάὶ
468 1336 570 1419 πρὸς
598 1337 758 1419 Ξέρξην
785 1334 1105 1420 ἐναυμάχησανς
1138 1331 1255 1399 deinde

201 1434 424 1521 Thucydidem
445 1439 602 1507 dicentem
625 1439 664 1528 (I,
688 1441 739 1505 73.
762 1459 787 1505 s.
808 1437 936 1526 finem):
958 1437 1124 1522 τεκμήριον
1146 1435 1182 1501 δὲ
1196 1437 1256 1520 μέ-

201 1557 306 1622 γιστον
327 1541 423 1617 αὐτὸς
444 1543 589 1631 ἐποίησε·
613 1548 755 1629 νικηθεὶς
776 1544 838 1628 γὰρ
860 1554 930 1619 ταῖς
951 1548 1065 1608 ναυσὶν
1087 1540 1130 1618 ὥς
1151 1539 1256 1607 οὐκέτι

202 1643 289 1735 αὐτῷ
309 1646 424 1731 ὁμοίας
453 1650 547 1734 οὔσης
569 1653 621 1735 τῆς
644 1649 811 1732 δυνάμεως
843 1650 923 1714 κατὰ
955 1651 1053 1730 τάχος
1073 1650 1117 1736 τῷ
1139 1646 1253 1713 πλέονι

200 1753 257 1817 τοῦ
278 1759 412 1838 προτοῦ
434 1753 655 1842 α’νεηοθρησεν*ι
683 1778 755 1824 cum
776 1756 858 1823 Plut.
881 1761 1008 1823 exeunt.
1031 1776 1100 1842 cap.
1122 1754 1183 1822 IV:
1213 1752 1254 1818 τοί

200 1855 332 1924 edeta
355 1865 416 1927 καὶ
438 1863 559 1948 Ξέρξης
581 1860 677 1937 αὐτὸς
707 1859 913 1947 ἐμαρτύρησε.
967 1865 1022 1946 τῆς
1042 1864 1104 1945 γὰρ
1128 1859 1254 1945 πεζικῆς

201 1963 370 2049 δυνάμεως
400 1964 589 2051 ἀθραύστου
623 1965 834 2052 διαμενοίσης
869 1965 967 2051 ἔφυγε
998 1967 1077 2048 μετὰ
1105 1964 1160 2050 την
1191 1967 1255 2029 τῶν

200 2073 282 2136 νεοῖν
302 2067 414 2158 ἧτταν,
438 2071 481 2148 ὠς
502 2070 561 2137 οὐκ
584 2075 630 2136 ὥν
651 2071 829 2156 α’ξιόμαχος
851 2095 880 2136 κ.
902 2095 928 2136 τ.
950 2069 979 2136 λ.

262 2178 360 2264 ‘Apud
382 2178 539 2246 Iustinum
565 2185 677 2247 contra
710 2185 742 2246 el·
762 2181 919 2266 Nepotem
940 2177 1021 2245 satis
1042 2177 1143 2245 multa
1164 2176 1254 2244 inve·

200 2284 262 2351 uiri
283 2284 363 2352 mihi
383 2285 531 2353 videntur
552 2285 701 2372 vestigia,
724 2290 759 2352 ut
780 2284 823 2350 ad
845 2282 982 2351 eundem
1000 2304 1072 2351 curn
1082 2283 1254 2351 Plutarcho

199 2394 361 2457 auctorem
400 2410 455 2458 eos
489 2389 673 2457 referendos
707 2409 778 2456 esse
806 2395 923 2475 putem.
974 2389 1058 2455 Nam
1091 2408 1174 2472 quae
1194 2388 1254 2456 suh

199 2493 295 2562 linem
314 2494 432 2582 capitis
453 2496 503 2560 III
525 2494 715 2562 Plutarchus
738 2492 830 2560 dicit:
855 2490 897 2556 Oi
916 2495 977 2575 μὲν
997 2493 1059 2576 γάρ
1081 2490 1179 2558 ἄλλοι
1200 2494 1255 2574 πέ-

198 2621 258 2682 ρας
281 2600 381 2686 pleuto
403 2603 456 2664 rod
477 2597 621 2684 πολέμου
642 2601 697 2685 την
719 2599 755 2664 ἐν
777 2600 971 2685 Μαραθῶνι
992 2597 1253 2686 τῶνβαρβάρων

197 2700 292 2792 η’τταν
313 2706 412 2782 εἶναι,
425 2704 652 2791 ’Θεμιστοκλῆς
674 2704 710 2769 δὲ
734 2703 836 2791 α’ρχην
858 2702 1012 2788 μειζόνων
1027 2704 1175 2786 θρόνων,
1197 2702 1252 2790 ἐφ’
1319 2696 1322 2700 ’

198 2810 252 2886 οὓς
275 2808 659 2897 ἑαυτὸν..ἤλειφεκ.τ.λ.
684 2810 804 2878 eisdem
826 2809 894 2878 sero
915 2810 1023 2878 verbis
1041 2809 1128 2897 opud
1138 2811 1251 2878 lustin.

198 2917 304 3003 ΙΙ,12,
319 2918 359 2982 12
380 2917 485 3002 leges:
508 2918 674 3002 „Namque
698 2915 909 2985 Athenienses
931 2922 1004 3003 post
1018 2936 1162 3004 pugnam
1183 2918 1251 2984 Ma-

196 3021 386 3107 rathoniam,
408 3029 636 3109 praemonente
658 3021 890 3108 Themistocle,
911 3021 1078 3090 victoriam
1099 3023 1189 3090 illam
1212 3021 1253 3092 de

196 3127 303 3195 Persis
324 3127 496 3196 nonfinem
508 3129 566 3196 sed
578 3148 709 3196 eausam
722 3127 854 3214 majoris
873 3125 952 3195 helli
972 3126 1050 3213 sore,
1074 3127 1126 3195 00
1142 3146 1253 3219 naves,

196 3230 436 3299 fabricaverant
444 3233 480 3317 “3
508 3253 612 3317 neque
634 3233 739 3300 minus
760 3234 868 3318 Nepos
890 3231 1005 3299 eadem
1026 3233 1061 3299 in
1082 3233 1171 3307 fonte
1193 3254 1251 3302 suo

194 3337 358 3406 invenisse
380 3339 540 3427 putandus
562 3345 611 3407 est
633 3338 688 3424 qni
705 3337 783 3403 dicit
806 3338 930 3424 capll,
949 3339 982 3404 1:
1005 3337 1068 3424 „ad
1087 3339 1173 3422 qnod
1195 3359 1250 3424 ge·

195 3444 329 3512 rendum
358 3451 488 3532 praetor
517 3465 537 3511 a
568 3444 686 3530 populo
721 3441 827 3509 factus
859 3462 924 3509 non
954 3443 1055 3509 solum
1088 3444 1251 3530 praesenti

195 3551 297 3638 bello,
318 3551 378 3618 sed
400 3552 498 3618 etiam
519 3550 642 3635 reliquo
655 3556 798 3634 tempore
817 3547 1005 3616 ferociorem
1017 3547 1157 3616 reddidit
1172 3549 1249 3622 civi·

195 3657 322 3724 latem.“
351 3656 479 3723 Deinde
491 3655 638 3722 conferas
650 3654 784 3741 Nepotis
796 3653 895 3720 verba
909 3654 1022 3742 (II,3):
1034 3656 1093 3742 „In
1104 3675 1250 3741 quocum

195 3759 316 3827 divitiis
338 3761 466 3827 ornavit
487 3766 553 3827 tum
577 3759 675 3826 etiam
697 3759 906 3846 peritissimos
929 3759 1005 3826 belli
1024 3760 1152 3829 navalis
1173 3761 1251 3829 fecit
1340 3783 1350 3796 ·

195 3864 438 3949 Athenienses“,
461 3885 534 3931 cum
554 3863 720 3931 Plutarchi
742 3863 826 3950 (cap.
846 3864 893 3930 IV
914 3886 944 3932 v.
957 3866 999 3931 26
1015 3864 1111 3952 seq.):
1154 3864 1191 3929 ἐκ
1213 3863 1249 3930 δὲ

193 3969 304 4034 τούτου
326 3968 407 4033 κατοὶ
429 3968 545 4053 μικρὸν
567 3965 703 4048 ὑπάγων
726 3971 780 4031 καὶ
811 3968 1036 4054 καταβιβάζων
1063 3969 1119 4057 την
1151 3969 1251 4036 πόλιν

193 4073 276 4159 πρὸς
295 4075 351 4159 την
369 4072 561 4141 θάλασσαν.
576 4072 802 4156 ...ναυβάτας
816 4077 871 4137 καὶ
892 4073 1094 4149 θαλασσίους
1111 4072 1249 4166 ἐποίησε,

193 4183 226 4244 et
255 4177 389 4264 Nepotis
419 4177 475 4265 (ΙΙ,
494 4177 547 4266 4):
580 4178 639 4265 „Id
670 4183 811 4264 quantae
833 4179 930 4247 saluti
952 4180 1050 4249 fuerit
1079 4180 1250 4248 universae

192 4283 372 4373 Graeciae„
406 4285 491 4356 hello
523 4286 686 4372 cognitum
708 4290 757 4360 est
778 4285 927 4358 Persico“
941 4307 1020 4374 seq.
1060 4306 1141 4366 cum¹
1165 4287 1250 4366 Plut
