2954 4772
755 230 797 296 66

245 403 283 492 ἦν
304 405 367 490 γὰρ
400 402 417 492 ἡ
452 406 541 489 θήρα
564 403 723 487 lactastis
744 412 808 477 τοῖς
829 403 863 466 cd
885 401 1066 486 κερδαίνειν
1087 403 1157 468 unc
1180 404 1308 478 παντὸς

244 506 405 588 ἀγαπῶσι,
429 506 602 572 διακοσίων
623 507 917 593 ἐπικεκηρυγμένων
940 505 1028 592 αὐτῷ
1047 505 1215 570 ταλάντων
1233 503 1303 572 ὑπὸ

245 615 301 675 τοῦ
329 609 487 693 βασιλέως
516 618 548 678 et
570 632 600 676 v.
622 610 665 678 25
687 629 775 695 sequ.
797 609 837 677 de
859 612 983 678 somnio
1001 610 1223 700 Themistoclis
1244 631 1303 677 ex-

246 721 349 800 stant,
372 735 476 799 neque
491 715 595 780 minus
609 722 684 800 apte
697 720 794 800 caput
804 712 930 782 XXVII
940 715 1094 782 insertum
1116 714 1202 780 etad
1224 734 1302 782 eun·
1423 751 1424 810 ,

246 819 319 887 dem
338 820 457 888 fontem
479 817 681 887 referendum
704 825 761 886 est.
803 819 897 886 Hunc
916 820 1133 905 fontemverc,
1151 819 1203 886 cui
1228 825 1301 885 tan-
1423 831 1424 914 i

245 933 311 991 tum
332 924 531 992 auctoritatis
556 922 765 991 Plutarchum
786 925 936 992 tribuisse
957 924 1112 1010 videmus,
1134 924 1301 1012 Ephorum
1423 995 1424 998 ,

225 1028 343 1095 'tuisse
377 1048 523 1114 censere,
564 1028 664 1094 multa
700 1035 776 1095 sunt
820 1029 936 1113 quibus
977 1036 1128 1097 vetemur.
1187 1031 1300 1114 Neque
1423 1071 1424 1122 1

245 1133 329 1200 enim
351 1131 523 1198 verisimile
545 1139 594 1198 est
626 1131 819 1218 (lumaeum,
842 1133 896 1217 qui
918 1155 984 1200 non
1006 1133 1101 1201 unius
1121 1133 1299 1218 Themisto·
1423 1127 1424 1156 ¹

245 1239 304 1304 elis
326 1237 383 1303 sed
412 1237 552 1303 omnium
574 1239 718 1322 gentium
740 1257 791 1304 res
824 1245 934 1322 gestas
955 1239 1127 1306 memoriae
1148 1239 1301 1324 traderet,

244 1347 368 1406 tantum
391 1362 508 1428 operae
530 1343 702 1410 contulisse
730 1343 764 1408 in
786 1343 965 1410 canendas
986 1363 1055 1429 res,
1088 1363 1172 1428 quae
1193 1363 1301 1410 rerum
1423 1377 1424 1400 r

244 1445 391 1531 scriptori
411 1446 529 1512 nullius
551 1466 655 1532 paene
677 1447 829 1512 momenti
850 1453 938 1532 sunt,
971 1466 1075 1531 neque
1097 1467 1200 1533 genus
1223 1447 1301 1514 scri·

245 1547 343 1615 bendi
364 1548 407 1616 ad
428 1550 590 1636 Ephorum
622 1549 776 1636 quadrat,
808 1571 912 1635 neque
941 1570 1020 1635 quos
1047 1550 1192 1618 nominat
1212 1551 1302 1638 Plut-

244 1653 362 1720 archus
383 1655 553 1740 scriptores
577 1655 616 1742 (ε.
639 1655 696 1742 27)
718 1655 753 1720 in
768 1656 891 1742 Ephori
913 1656 1055 1723 historiis
1075 1656 1221 1724 invenire
1234 1678 1301 1743 po-

245 1759 315 1845 tuit,
336 1780 441 1844 neque
462 1760 600 1845 denique
622 1781 694 1827 cum
715 1761 856 1829 Diodoro
879 1783 948 1848 cap.
969 1763 1012 1827 56
1035 1766 1068 1826 et
1088 1761 1129 1827 57
1154 1761 1194 1828 de
1216 1761 1301 1828 The·

245 1864 398 1930 mistoclis
428 1864 543 1931 itinere
564 1865 693 1932 Persico
727 1865 887 1932 scribente
916 1865 1105 1935 Plutarchus
1132 1865 1301 1932 consentit.

245 1969 278 2036 Is
308 1969 392 2037 enirn
422 1975 548 2055 narrat,
580 1969 826 2038 Themistoclem
847 1971 945 2056 Argis
965 1971 1001 2038 in
1022 1971 1133 2038 Asiam
1155 1971 1301 2039 evasisse

244 2073 483 2141 adulescentum
513 2073 649 2140 duorum
687 2075 913 2143 benevolentia
938 2077 1108 2161 studioque
1135 2073 1299 2144 indefesso

245 2177 405 2262 adiutum3
438 2189 504 2245 tum
535 2177 692 2264 hospitem
710 2161 947 2248 'Themistoclis
987 2201 1051 2249 non
1090 2181 1300 2268 Niccgenem,

245 2280 303 2348 sed
324 2281 544 2366 Lysitheidem
566 2289 678 2368 vocat,
709 2302 812 2368 neque
833 2283 876 2350 ad
897 2285 1124 2372 Artaxerxem,
1157 2292 1192 2353 ut
1211 2287 1299 2353 Plut-

244 2384 361 2451 archus
382 2384 478 2451 malle
496 2384 638 2471 videtur,
670 2385 729 2453 sed
758 2387 801 2453 ad
822 2387 965 2455 Xerxem
993 2387 1099 2475 ipsum
1119 2390 1299 2458 Themisto—

245 2491 326 2556 clem
353 2489 537 2576 pervenisse
566 2497 676 2559 auctor
708 2498 774 2576 est3
803 2491 941 2577 denique
973 2492 1070 2578 longe
1091 2515 1112 2562 a
1133 2495 1298 2564 Plutarchi
1423 2579 1424 2592 ,

245 2595 428 2662 narratione
449 2594 586 2680 recedit,
608 2596 694 2681 quod
714 2596 911 2683 Mandanes,
933 2597 1021 2682 regis
1042 2600 1172 2687 sororis,
1195 2603 1297 2669 consi·

242 2701 289 2768 lio
312 2708 345 2767 et
365 2700 491 2767 insidiis
513 2700 633 2768 iactum
657 2721 728 2769 esse
751 2702 844 2788 dicit,
873 2708 908 2768 ut
927 2702 1133 2771 Themistocli
1155 2725 1299 2774 annuum

245 2812 370 2892 tempus
392 2804 434 2872 ed
455 2805 600 2890 linguam
620 2807 784 2873 Persicam
805 2805 1035 2874 addiscendam
1055 2807 1203 2897 dereuu,
1226 2831 1299 2879 cum

247 2910 439 2977 Plutarchus
461 2931 532 2977 eum
555 2910 660 2997 ipsum
682 2912 716 2978 id
738 2932 759 2978 a
781 2932 858 2997 rege
880 2918 1041 2998 petentem
1061 2907 1170 2982 faciat
1190 2913 1233 3004 (c.
1254 2917 1298 2984 29

245 3036 275 3081 v.
298 3016 342 3080 30
362 3035 450 3099 sequ.
472 3036 503 3100 p.
527 3015 606 3103 247)

333 3121 430 3204 Atqui
457 3120 647 3187 Plutarchus
674 3121 745 3207 ipse
766 3127 880 3190 testem
902 3123 1047 3191 nominat
1066 3123 1224 3195 Phaniam
1244 3148 1298 3214 pe·

247 3226 448 3312 ripateticum
472 3225 511 3314 (c.
530 3227 658 3294 XXVII
678 3247 704 3293 s.
725 3225 792 3312 fin.)
815 3247 908 3311 quem
929 3229 1026 3296 rebus
1047 3249 1068 3296 a
1087 3230 1300 3310 Themistocle

246 3331 346 3416 gestis
377 3330 554 3398 scribendis
586 3330 718 3396 multum
741 3349 858 3416 operae
879 3331 1029 3399 tribuisse
1051 3339 1084 3400 et
1104 3354 1242 3420 prorsus
1256 3337 1297 3403 si·
1362 3343 1364 3348 ’

246 3434 363 3500 militer
382 3454 422 3500 ac
443 3433 709 3526 Themistoclem,
734 3434 897 3502 Eutimum
920 3435 1104 3504 Cretensem
1120 3437 1298 3526 honoribus

246 3540 290 3617 ab
311 3538 492 3605 Artaxerxe
520 3559 591 3607 esse
613 3540 765 3606 affectum
786 3537 975 3627 tradidisse,
1006 3541 1197 3628 fragmentis
1230 3545 1299 3614 eius

247 3643 390 3728 6-111)
419 3645 581 3728 probatur.
624 3644 691 3711 Nec
718 3648 830 3732 ,tamen
858 3643 1017 3710 Phaniam
1047 3665 1106 3731 pro
1136 3647 1300 3718 Plutarchi

246 3746 335 3813 sonte
361 3746 546 3834 habuerim,
579 3747 655 3831 quia
685 3735 726 3812 ex
755 3767 793 3814 eo
822 3747 953 3813 nomina
988 3747 1195 3837 scriptorum,
1217 3771 1299 3836 quae

246 3850 443 3917 Plutarchus⁴
471 3851 581 3936 affert,
618 3851 726 3917 omnia
762 3850 893 3918 fluxisse
932 3858 1103 3937 nequeunt.
1159 3854 1204 3921 At
1230 3855 1299 3943 ipse
1423 3921 1424 3952 ,

246 3956 436 4023 Plutarchus
458 3956 535 4025 dicit
556 3956 598 4044 (c.
619 3955 732 4022 XXIX
744 3957 816 4044 si.)
836 3962 869 4022 et
888 3957 1068 4025 Neanthem
1090 3964 1123 4026 et
1142 3959 1299 4030 Phaniam
1423 3961 1424 3964 ’

321 4186 347 4255 1)
366 4185 495 4239 maner
513 4185 532 4240 f.
551 4186 578 4240 a.
597 4186 631 4242 c.
649 4187 683 4252 11,
702 4205 767 4258 pag.
787 4187 939 4252 asaf-acc.
