2954 4772
739 327 782 392 72

233 498 341 581 μόνιοι
366 545 374 561 .
399 550 405 562 .
431 548 438 562 .
462 549 470 565 .
494 497 624 588 ἐξῄτουν
646 495 746 562 αὐτὸν
765 497 847 579 πρὸς
868 497 1022 577 τιμωρέαν
1044 545 1051 562 .
1076 539 1084 558 .
1107 539 1115 558 .
1140 492 1293 574 ‚ddum-

234 603 304 679 λτύς
326 607 483 688 φοβηθεὶς
503 606 563 683 μὲν
585 603 640 677 τὰς
662 601 816 680 ἀπειλάς,
839 601 856 664 l
869 599 944 663 leui
953 620 972 663 ν
993 599 1038 662 de
1059 600 1128 664 cdv
1150 597 1293 682 ἳιιέτρν

375 709 520 773 ἔπειθε
552 709 621 772 τὸν
657 704 964 789 Θεμιστοκλέα,
1004 704 1072 788 τὴν
1099 706 1292 787 ταχίστην

233 811 406 878 α’ττιέναι
432 865 438 878 .
464 865 470 878 .
497 859 536 878 ..
566 813 906 896 συμπράττοντος
939 808 1050 896 αὐτῷ
1080 813 1216 884 ποντα
1239 794 1287 870 τοὶ

233 918 334 1002 πρὸς
364 919 496 1002 (μονὴν
533 921 605 982 τοῦ
636 917 865 998 βασιλέως,
903 922 935 981 et
963 917 1129 1000 Nepotem.
1185 913 1290 999 ,Nam

232 1043 328 1106 quum
357 1022 400 1088 ah
421 1020 671 1088 Atheniensibus
703 1028 735 1087 et
767 1019 1030 1088 Lacedaemoniis
1063 1023 1291 1104 exposceretur

229 1127 354 1210 publice
372 1127 546 1208 supplicem
568 1147 633 1192 non
655 1125 814 1212 prodidit,
848 1127 1030 1206 monuitque
1052 1129 1089 1188 ot
1106 1122 1289 1188 consuleret

231 1230 310 1310 siue·
333 1277 466 1296 .....
510 1231 620 1312 itaque
642 1230 789 1314 Pydnam
810 1251 881 1297 eum
902 1229 1017 1295 deduci
1039 1228 1132 1294 iussit
1149 1234 1180 1292 et
1201 1226 1290 1308 quud

229 1335 311 1400 satis
342 1340 421 1400 esset
449 1335 612 1416 praesidii
645 1334 763 1401 deusd.
821 1337 934 1402 Nonne
967 1341 1058 1400 tanta
1092 1339 1141 1400 est
1175 1351 1289 1397 eorum

230 1438 424 1524 similitudo,
457 1444 492 1506 ut
523 1457 541 1504 e
571 1440 729 1505 communi
759 1439 846 1506 tonte
878 1460 933 1508 eos
963 1439 1109 1507 hausisse
1140 1436 1285 1504 iudican-

229 1542 305 1610 dum
328 1544 393 1610 sit?

295 1648 417 1728 Quodsi
438 1649 499 1714 hoe
521 1649 567 1714 eis
591 1669 674 1733 quae
696 1650 789 1724 attuli
810 1650 867 1716 tihi
890 1671 955 1716 nou
977 1650 1147 1736 probatur,
1171 1649 1201 1714 si
1221 1649 1285 1714 Ne-

207 1809 210 1816 .
228 1758 335 1840 potem
345 1751 534 1837 Thucydide
547 1752 615 1818 solo
632 1772 723 1819 usum
738 1773 809 1820 esse
820 1759 924 1838 putus,
947 1759 978 1819 et
989 1753 1104 1837 quihus
1116 1753 1158 1819 ah
1170 1772 1208 1818 eo
1219 1750 1284 1818 dis-

228 1858 346 1924 sentiat
357 1856 386 1922 ei
397 1857 469 1941 ipsi,
491 1877 594 1942 neque
606 1877 682 1923 vero
694 1857 776 1924 fonti
785 1858 925 1925 tribuere
946 1858 1006 1942 vis,
1030 1858 1117 1922 cIX
1132 1863 1226 1942 certe,
1248 1857 1285 1922 in

227 1945 437 2045 ponderauda
459 1959 646 2043 quaestione
666 1961 723 2034 illa
744 1960 786 2027 de
807 1959 949 2028 adventu
959 1960 1183 2046 Themistoclis
1198 1960 1284 2026 Susa

227 2067 332 2149 facto,
354 2065 662 2163 alinmlscriptcrem
684 2087 705 2133 a
728 2067 851 2152 Nepote
877 2085 949 2133 esse
970 2067 1148 2152 inspectum
1170 2071 1205 2130 ut
1225 2083 1282 2149 pu-

225 2179 344 2253 temus,
366 2189 496 2256 prcrsus
523 2171 740 2242 necessarium
762 2178 819 2238 est.
864 2171 1044 2255 Namquod
1066 2170 1160 2236 dicit:
1185 2169 1280 2256 ,Scio
1407 2143 1422 2218 .'

226 2275 396 2360 plerosque
425 2273 472 2338 ita
502 2274 685 2360 scripsisse,
708 2275 973 2361 Themistoclem,
996 2277 1105 2341 Xerxe
1126 2280 1283 2358 regnante

226 2379 259 2443 in
282 2377 393 2443 Asiam
416 2377 601 2443 transiisse“
626 2398 645 2444 e
664 2378 854 2464 Thucydide
888 2380 1053 2448 desumere
1082 2401 1146 2446 non
1168 2378 1282 2465 potuit,

227 2481 345 2567 quippe
368 2482 423 2564 qui
446 2501 471 2546 e.
497 2483 557 2548 137
589 2481 635 2547 nil
665 2481 743 2548 dicit
765 2484 846 2552 nisi:
881 2483 1032 2565 έοπέμπιι
1053 2483 1227 2568 γράμματα
1249 2483 1283 2558 ές

225 2584 363 2665 βασιλέα
383 2584 592 2669 Ἀρταξέρξην
620 2585 676 2648 τὸν
696 2587 820 2668 Ξέρξου
842 2591 950 2650 νεωστί
970 2585 1198 2672 deusdedem,
1227 2606 1281 2652 ne-

227 2711 289 2774 que
325 2690 560 2757 controversiae
596 2690 682 2758 illius
720 2692 785 2758 ullo
827 2694 926 2760 verbo
969 2693 1163 2762 mentionem
1194 2691 1284 2758 facit.

225 2796 344 2861 Parum
387 2794 486 2860 etiam
524 2794 669 2861 veritatis
701 2795 840 2881 speeiem
877 2795 992 2882 hahet,
1022 2797 1050 2866 si
1079 2796 1150 2880 quis
1182 2801 1285 2881 putet,

225 2898 285 2965 hoo
308 2897 437 2982 quidem
459 2899 528 2964 loco
547 2899 702 2984 Nepotem
725 2920 766 2966 ex
788 2900 853 2967 alic
875 2900 1029 2986 scriptore
1051 2900 1206 2984 hausisse,
1228 2919 1283 2966 ua·

224 3004 344 3089 pitihus
377 3009 484 3070 autem
507 3022 589 3086 quae
618 3004 815 3089 praecedant
837 3025 958 3071 meram
979 3001 1178 3088 Thucydidis
1199 3002 1282 3071 rela-

221 3110 340 3174 tionem
361 3106 551 3191 tradidisse,
581 3109 667 3174 nullo
690 3111 784 3176 modo
806 3111 892 3176 euim
912 3108 1119 3193 intelligitur,
1141 3097 1198 3174 our
1219 3107 1282 3174 hoc

222 3215 294 3297 ipso
324 3211 394 3276 loco
427 3210 462 3276 in
490 3217 627 3277 mentem
661 3212 690 3278 ei
723 3213 846 3279 venerit
876 3211 963 3280 sonte
995 3212 1147 3299 primario
1168 3211 1281 3288 relicto

226 3317 293 3384 alia
324 3315 508 3382 testimonia
537 3336 699 3399 quaerere.
742 3317 947 3403 Thucydides
979 3318 1064 3384 enim
1093 3316 1282 3402 simpliciter

221 3429 254 3488 et
275 3421 369 3486 certis
391 3419 498 3486 verbis
520 3429 699 3506 asseverat,
734 3421 777 3488 ad
800 3424 1012 3489 Artaxerxem
1045 3423 1172 3488 venisse
1193 3420 1277 3486 The-

225 3526 411 3610 mistoclem,
433 3525 480 3590 ita
501 3532 536 3591 nt
558 3525 717 3593 dubitatio
740 3528 770 3594 ei
792 3528 846 3612 qui
868 3529 957 3594 illum
979 3528 1082 3594 solum
1104 3532 1180 3593 aute
1204 3544 1278 3593 oeu-

221 3632 270 3702 los
310 3629 459 3712 haheret,
499 3629 635 3697 existere
672 3652 736 3697 non
770 3633 881 3718 possit.
943 3629 1139 3698 Sumeudnm
1177 3629 1279 3713 igitur

220 3739 320 3819 esset,
354 3734 511 3818 Nepotem
541 3733 575 3798 in
603 3739 671 3800 tota
701 3735 762 3801 hac
791 3736 861 3803 vita
893 3734 1064 3802 scribenda
1091 3751 1278 3799 nonunum

219 3841 339 3913 duosve
361 3841 466 3905 i'ontes
488 3838 705 3924 exscripsisse,
727 3840 774 3906 uti
796 3841 979 3926 posuimus,
1002 3837 1060 3905 sed
1081 3838 1187 3924 plures
1208 3836 1277 3902 uhi·

219 3967 280 4034 qne
302 3946 385 4010 inter
407 3962 442 4008 se
465 3961 688 4029 comparasse,
718 3950 813 4028 atque
835 3943 1007 4029 diligenter
1029 3942 1277 4027 examinantem,

218 4049 296 4138 quid
318 4048 451 4133 quisque
473 4046 663 4133 rettulisset,
685 4067 758 4114 eum
780 4049 834 4135 qui
856 4069 980 4116 summa
1002 4046 1065 4114 fide
1088 4047 1205 4130 dignus
1228 4064 1276 4112 es·

217 4163 266 4224 set
302 4159 444 4221 secutum
478 4171 557 4218 esse.
597 4153 674 4244 Tali
703 4153 798 4221 laude
827 4145 933 4222 autem
963 4174 1035 4220 eum
1058 4152 1191 4237 dignum
1211 4171 1275 4218 non

217 4282 298 4348 esse,
320 4279 412 4334 nemo
435 4257 577 4352 profecto
600 4259 743 4343 negabit,
766 4261 821 4342 qui
843 4260 956 4326 leviter
978 4258 1072 4324 modo
1095 4257 1178 4324 hano
1191 4257 1288 4324 The»
