2954 4772
745 318 767 388 'l

222 512 302 592 rum
321 491 465 593 Siculum
493 491 529 562 in
555 493 637 564 libro
659 494 709 566 XI
745 494 962 566 bibliothecae
991 516 1056 564 non
1093 494 1284 584 Thucydide

223 599 282 670 scd
302 599 435 689 Ephoro
456 621 549 671 usum
571 622 660 689 esse;
683 601 799 671 vellem
824 602 919 672 modo
942 604 976 671 in
990 601 1189 670 Herodotum
1209 625 1285 690 quo-

224 728 287 796 que
317 708 498 778 accuratius
528 709 756 795 inquisivisset.
811 710 966 791 Quamvis
996 709 1082 776 enim
1111 709 1285 779 verisimile

224 815 284 902 sit,
305 815 483 884 Diodorum
504 815 642 907 priorem
665 836 790 902 quoque
810 817 886 883 libri
908 816 996 883 illius
1018 823 1144 903 partem
1167 835 1209 881 ex
1231 819 1303 883 eo·'

223 920 297 988 dem
329 919 475 1007 Ephoro,
511 942 577 989 non
610 943 650 990 cx
681 922 844 990 Herodoto
882 921 1043 1007 hausisse,
1079 925 1189 987 tamen
1218 940 1283 988 nou

223 1023 342 1122 sufficit
375 1023 421 1093 ad
460 1025 545 1094 hano
574 1047 642 1094 rern
670 1027 872 1114 probandam
907 1020 1042 1113 quatuor
1082 1024 1170 1091 locos
1200 1028 1282 1090 atto

223 1131 316 1218 iisse,
339 1131 393 1217 qui
415 1153 456 1199 ne
477 1134 611 1200 multum
633 1133 762 1219 quidem
784 1133 903 1220 valent,
926 1134 1004 1219 quia
1026 1130 1151 1198 duobus
1173 1149 1282 1198 eorum

224 1237 265 1304 dc
288 1258 490 1306 numerorum
511 1239 614 1306 solum
637 1239 853 1327 discrepantia
875 1240 1001 1324 agitur3
1034 1256 1117 1322 quae
1139 1256 1211 1303 curn
1233 1234 1281 1302 fa-

224 1343 284 1422 cilc
296 1344 500 1413 librariorum
517 1345 736 1431 negligentiae
754 1346 853 1413 tribui
867 1347 977 1432 possit,
998 1343 1074 1414 inde
1092 1342 1201 1428 colligi
1217 1362 1283 1409 non

223 1454 342 1535 potest,
372 1450 550 1518 Diodorum
571 1443 727 1519 Herodoti
756 1451 848 1519 libris
869 1471 932 1517 uon
965 1470 1057 1516 usum
1079 1467 1158 1515 esse.
1202 1447 1281 1513 'Ita-

224 1574 285 1640 que
308 1555 348 1622 de
370 1554 432 1622 hac
453 1576 501 1639 re,
525 1576 719 1642 quamquam
740 1554 1013 1642 Volquardsenirrs
1036 1553 1070 1642 (l.
1082 1553 1102 1620 1.
1124 1574 1155 1639 p.
1166 1553 1210 1618 30
1218 1551 1280 1640 sq.)

224 1678 350 1744 quoque
390 1660 457 1726 alia
497 1662 653 1730 nonnulla
686 1662 858 1749 adscripsit
897 1659 1060 1747 exempla,
1099 1678 1204 1746 pauca
1245 1657 1280 1723 in

224 1764 447 1834 dissertatione
472 1773 565 1833 erunt
594 1767 752 1835 addenda.
829 1768 941 1853 Neque
971 1766 1057 1834 enim
1093 1765 1155 1830 hoe
1185 1763 1279 1850 parvi
1387 1763 1390 1770 '

222 1871 317 1958 pretii
341 1878 408 1970 cst3
438 1873 566 1942 namsi
598 1895 656 1962 pro
679 1881 765 1943 certo
786 1873 949 1942 enucleari
975 1876 1080 1960 potest
1101 1867 1279 1938 Diodorum

221 1977 256 2043 in
276 1977 360 2045 libro
382 1977 431 2046 XI
460 1980 690 2049 conscribendo
723 1980 792 2048 solo
820 1979 951 2067 Ephoro
981 1998 1073 2045 usum
1096 1996 1183 2060 esse,
1214 1993 1280 2040 cer·

221 2088 289 2150 tum
309 2082 385 2150 inde
406 2084 566 2152 lucramur
588 2093 829 2173 argumentum,
864 2106 926 2172 quo
962 2085 1025 2151 nisi
1053 2104 1125 2149 oum
1158 2081 1280 2148 maiore

220 2189 290 2257 veri
311 2190 419 2277 specie
440 2192 660 2277 quaestionem
683 2193 723 2261 de
745 2191 910 2260 Plutarchi
939 2190 1081 2259 fontibus
1111 2187 1278 2256 instituere

219 2315 398 2385 possumus.

286 2402 408 2484 Quodsi
452 2400 555 2470 solum
588 2401 827 2488 comparatione
868 2406 1045 2469 ceterorum
1089 2398 1278 2484 scriptorum

221 2508 425 2594 quaestiones
447 2506 488 2574 de
510 2506 652 2576 lontibus
686 2507 826 2575 cuiusvis
858 2507 1022 2574 institutas
1052 2502 1277 2590 aliquomodo

219 2611 372 2700 perficiet
389 2611 514 2680 absolvi
535 2631 639 2698 posse,
663 2611 870 2699 iampridem
889 2612 932 2678 ab
950 2610 1097 2677 omnibus
1110 2612 1277 2694 acceptum

220 2723 278 2804 est,
308 2717 402 2785 nobis
431 2709 467 2785 in
498 2717 701 2786 collationem
728 2717 936 2785 convertendi
962 2724 1052 2786 sunt:
1086 2713 1277 2799 Herodotus,

220 2806 445 2907 Thucydides,
466 2821 644 2908 Diodorus,
666 2822 824 2909 Iustinus,
846 2825 971 2909 Nepos,
998 2840 1081 2907 quae
1102 2825 1277 2888 ceterorum

219 2921 440 2996 historicorum
450 2927 633 3012 fragmenta
646 2934 775 2995 servata
785 2933 868 2995 sunt.
913 2930 1025 3014 Neque
1038 2925 1170 2995 minoris
1182 2922 1278 2992 aesti-

219 3015 357 3100 mandus
387 3038 436 3100 est
457 3032 585 3099 libellus
605 3033 674 3117 ille,
710 3036 783 3116 nect
797 3030 973 3118 Ἡροδότου
1000 3033 1197 3117 κακοηθείας
1228 3031 1277 3096 in·

217 3137 364 3224 scriptus,
373 3137 463 3205 cuius
473 3138 609 3224 scriptor
618 3143 687 3205 utut
695 3137 736 3205 de
745 3139 874 3206 nominc
888 3139 957 3206 cius
967 3139 1138 3224 dubitatur,
1151 3137 1276 3224 (quam-

218 3264 315 3330 quam
323 3242 538 3329 mihiqnidem
547 3243 723 3312 rectissime
734 3243 982 3330 Lahmeyerus¹b
991 3242 1156 3310 Plutarchi
1167 3249 1276 3310 aucto·

217 3350 305 3418 ritati
327 3370 400 3418 cnm
414 3349 564 3418 tribuisse
577 3350 717 3439 videtur)
732 3350 860 3438 optimis
875 3349 997 3438 passim
1008 3349 1120 3415 nititur
1130 3347 1273 3417 fontibus

216 3461 313 3542 atque
344 3454 428 3524 adeo
445 3455 611 3543 permultis
628 3457 706 3524 locis
723 3478 794 3524 curn
813 3456 956 3524 Diodoro
968 3461 1000 3524 et
1010 3452 1182 3521 Plutarcho
1200 3474 1274 3520 con-

215 3563 328 3649 sentit,
360 3568 396 3630 ut
420 3563 523 3630 solurn
545 3561 586 3630 de
608 3564 767 3630 communi
788 3564 998 3632 ionteeorum
1013 3558 1149 3646 cogitari
1164 3559 1275 3645 possit.

219 3747 223 3751 y
281 3671 372 3736 Haec
392 3667 628 3756 praemittenda
646 3689 717 3738 esse
733 3669 812 3738 mihi
831 3670 1044 3752 videbantur3
1066 3667 1177 3750 itaque
1188 3685 1274 3732 nunc

216 3771 260 3840 ad
292 3791 360 3841 rem
392 3773 498 3860 ipsam
529 3773 729 3843 accedamus.
793 3775 898 3861 Atque
931 3775 1042 3864 primis
1064 3771 1193 3859 quidem
1215 3789 1273 3838 sex

216 3868 376 3966 capitibus
396 3879 587 3948 Plutarchus
609 3881 789 3949 accuratius
810 3888 995 3969 persecutus
1026 3886 1075 3949 est
1095 3877 1273 3948 Themisto·

217 3985 276 4052 olis
296 3983 468 4071 pueritiam
489 3992 522 4053 et
543 3986 757 4073 iuventutem,
780 3987 827 4054 ita
848 4009 925 4058 vero
947 3989 1033 4055 hano
1055 3985 1272 4054 narrationem

226 4140 525 4155 ——m-

289 4223 316 4297 1)
335 4223 368 4282 G.
387 4227 597 4310 Lahmeyer,
627 4249 727 4292 comm.
746 4233 781 4291 de
800 4234 894 4292 libelli
911 4234 1073 4304 Plutarchi,
1093 4238 1142 4309 qui
1161 4240 1196 4296 de
1213 4259 1272 4298 ma·

211 4313 346 4394 lignitate
354 4315 493 4412 Herodoti
503 4320 677 4418 inscribitur,
688 4327 725 4418 et
737 4324 908 4418 auctoritate
918 4327 948 4386 et
960 4328 1086 4388 anetem.
1104 4329 1184 4411 (dett.
1193 4331 1271 4388 1848.
