2954 4772
705 305 750 376 20

269 482 375 566 Quam
396 482 447 550 his
469 481 624 552 adnexuit
644 483 804 551 Diodorus
833 502 860 550 c.
884 481 934 549 11.
956 500 1085 569 pugnae
1107 479 1259 548 Thermo·

203 590 348 677 pylensis
369 589 601 676 laudationem,
625 587 712 676 apud
733 588 930 656 Herodotum
951 588 1041 654 illam
1052 585 1181 672 quidem
1193 606 1258 652 non

204 715 356 782 quaeres,
378 695 436 762 sed
456 695 588 763 fluxisse
609 716 681 762 eam
711 695 791 762 siout
812 693 935 779 reliqua
958 691 1115 760 eiusmodi
1143 691 1261 776 elogia,

206 822 289 887 quae
323 801 404 869 satis
434 801 535 867 multa
563 801 599 867 in
621 799 756 867 Diodori
784 800 980 867 bibliotheca
1006 797 1213 865 inveniuntur
1225 796 1260 883 ¹),

205 929 246 976 ex
268 907 397 994 Ephoro
428 906 580 974 Isocratis
614 906 770 993 discipulo
799 927 871 973 cum
901 925 919 972 e
952 924 1070 989 genere
1100 900 1261 970 scribendi

129 1055 131 1062 .
204 1012 290 1079 illius
313 1018 380 1077 tum
402 1010 478 1078 inde
500 1011 715 1095 colligendum
738 1016 806 1097 est,
828 1009 913 1095 quod
935 1008 1086 1075 distincta
1107 1004 1262 1074 Isocratei

206 1117 361 1185 sermonis
382 1116 522 1200 vestigia
543 1116 578 1183 in
599 1137 638 1183 ca
660 1116 873 1183 inveniuntur.
919 1114 1075 1181 Conferas
1096 1136 1126 1180 v.
1138 1133 1170 1197 g.
1185 1111 1261 1180 Dio

205 1220 276 1288 dori
294 1219 394 1286 verba
406 1219 472 1307 (ll,
484 1219 517 1308 1)
540 1222 593 1285 aral
614 1217 742 1302 μᾶλλον
762 1219 885 1283 εἵλοντο
906 1218 1105 1283 τελευτᾶν
1126 1215 1263 1291 καλῶς

204 1329 225 1413 ἢ
247 1323 265 1401 ζ
270 1329 316 1411 ῆν
338 1324 490 1412 alpuni
499 1346 530 1412 ς,
553 1345 625 1391 eum
639 1326 791 1392 Isocratis
811 1346 894 1410 quae
911 1331 985 1392 sunt
1002 1325 1037 1391 in
1048 1323 1192 1391 oratioue
1205 1321 1261 1408 IV,

206 1433 264 1499 95:
287 1429 358 1495 ἀλλ’
381 1428 486 1514 ὥσπερ
509 1434 571 1495 τῶν
585 1429 716 1515 α’νδρῶν
732 1441 796 1506 τοῖς
813 1430 925 1505 ealon
939 1429 1111 1510 ae'a’yaeotg
1127 1425 1263 1512 etipsud-

204 1534 296 1621 τυρόν
317 1536 398 1601 ἔστι
421 1536 556 1612 καλῶς
578 1535 826 1601 ἀποθανεῖν
847 1539 867 1623 ἢ
901 1535 970 1621 ζῆν
999 1536 1193 1622 ulomaiu
1230 1539 1262 1602 et

206 1643 292 1728 quod
326 1640 412 1708 idem
442 1642 497 1728 IV,
527 1644 570 1708 92
605 1641 645 1710 de
677 1643 842 1709 Leonidae
875 1648 907 1710 et
935 1641 1263 1709 Lacedaemoniorum

205 1754 306 1816 morte
331 1745 422 1814 dicit:
446 1744 518 1811 ἀλλ’
540 1745 571 1811 oi
592 1752 653 1832 μὲν
675 1746 924 1833 διεφθάρησαν,
955 1753 1009 1812 καὶ
1042 1758 1111 1822 ταῖς
1141 1756 1263 1835 ψυχαῖς

205 1855 352 1925 νικῶντες
373 1860 438 1925 ταῖς
460 1853 604 1933 σώμασιν
626 1849 768 1916 αἀεϊπυν
791 1851 840 1934 (od
861 1855 924 1935 γαρ
955 1850 995 1937 δὴ
1016 1851 1109 1916 τοῦτο’
1135 1873 1172 1931 γε
1200 1850 1263 1913 θέ-

204 1979 258 2041 μις
277 1956 380 2019 εἰπεῖν
401 1953 445 2031 ὥς
466 1954 662 2041 ἡττήθησαν)
685 1978 756 2023 cum
778 1957 873 2024 Diod.
895 1979 921 2025 c.
945 1960 996 2044 ll,
1019 1960 1049 2024 2.
1078 1962 1261 2032 οἵτινες....

206 2072 271 2136 ταῖς
291 2063 351 2144 μὲν
373 2061 497 2144 σώμασι
519 2065 788 2154 ιιαυεπονήθησαν
808 2075 876 2138 ταῖς
890 2063 925 2126 δὲ
948 2074 1071 2149 ψυχαῖς
1093 2061 1151 2145 οὐχ
1174 2060 1264 2149 ἡττή-

206 2169 333 2252 θησαν,
366 2166 431 2232 alia
453 2167 553 2233 multa
575 2187 657 2251 quae
680 2167 733 2232 hio
755 2169 870 2234 afferre
903 2168 1035 2252 longum
1057 2175 1113 2235 est.
1191 2169 1263 2248 Qua

208 2291 339 2358 pugnae
360 2271 517 2338 terrestris
541 2270 752 2357 descriptione
781 2270 825 2336 ad
852 2272 949 2338 finem
970 2271 1122 2359 perducta
1143 2271 1263 2338 Diodo-

205 2397 260 2444 rus
282 2377 358 2445 inde
380 2399 401 2443 a
424 2397 449 2443 c.
467 2377 516 2441 12.
539 2375 582 2441 ad
604 2377 722 2443 navale
744 2377 899 2462 proelium
916 2375 1112 2442 narrandum
1138 2377 1262 2462 transit,

206 2484 258 2550 his
280 2484 403 2550 verbis:
425 2483 495 2545 ἐπεὶ
518 2481 553 2544 δὲ
576 2479 652 2570 πεζῇ
668 2485 730 2545 τῶν
749 2481 907 2565 παρόδων
921 2483 1080 2567 ἐκυρίευσε
1095 2486 1158 2546 τῶν
1181 2486 1261 2546 κατὰ

204 2589 260 2673 τὴν
283 2585 460 2650 θάλασσαν
482 2583 618 2663 α’γώνων
640 2584 742 2668 ἔκρινε
764 2584 942 2668 λαμβάνειν
964 2596 1097 2672 πεῖραν,
1127 2587 1263 2654 eundem

208 2714 303 2780 quem
324 2692 465 2758 Iustinus
486 2697 613 2757 secutus
635 2697 796 2758 auctorem
819 2693 1007 2778 (11112119.
1029 2692 1105 2759 dicit
1118 2695 1263 2779 „Xerxes

208 2799 332 2867 duobus
353 2796 539 2865 vulneribus
559 2798 701 2864 terrestri
722 2799 844 2884 proelio
867 2800 1008 2884 acceptis
1031 2799 1169 2886 experiri
1197 2820 1263 2865 ma·

206 2904 250 2971 ris
273 2902 433 2969 fortunam
448 2901 587 2966 statuit.“
622 2901 739 2968 Omitto
757 2901 842 2986 quod
853 2902 1013 2969 Diodorus
1033 2901 1205 2970 falsissime
1215 2904 1263 2969 ita

205 3029 273 3076 rem
305 3007 472 3092 descripsit
506 3027 545 3072 ac
577 3007 605 3073 si
634 3013 710 3073 tuuc
740 3006 867 3074 demum
888 3010 1014 3074 Xerxes
1043 3009 1262 3095 Megabazem,

209 3112 322 3178 classis
342 3110 554 3197 praesectum,
576 3111 723 3178 iussisset
743 3113 859 3198 Pydna
880 3132 999 3180 ancora
1022 3113 1164 3198 solvere,
1187 3114 1263 3197 quia

208 3215 481 3301 Volquardsenius
504 3217 593 3304 (pag.
616 3217 673 3302 32)
696 3217 777 3283 haec
799 3219 865 3284 iam
886 3219 1026 3303 monuit,
1059 3218 1113 3302 qni
1136 3224 1168 3285 et
1193 3219 1263 3304 ipse

207 3322 334 3390 addidit
355 3320 576 3388 difficultatem
598 3322 687 3388 illam
709 3323 756 3388 ita
779 3343 849 3390 esse
870 3322 1057 3391 solvendam
1079 3331 1114 3390 ut
1136 3331 1263 3411 putare-

208 3450 293 3514 mus,
327 3427 490 3515 Ephorum
522 3427 629 3494 verbis
660 3448 743 3511 quae
765 3435 838 3494 sunt
859 3429 980 3514 Ξέρξης
1001 3433 1065 3493 τῶν
1086 3430 1166 3492 κατὰ
1190 3429 1263 3492 θοὶ-

207 3531 332 3599 λασσαν
354 3532 457 3614 ἔκρινε
479 3530 658 3614 λαμβάνειν
680 3543 796 3616 πεῖραν
816 3536 983 3602 transiisse
1005 3533 1049 3600 ad
1081 3536 1262 3604 narrandas

207 3653 258 3710 res
293 3644 365 3726 post
393 3658 536 3725 pugnam
564 3638 869 3726 Thermopyleusem
904 3662 925 3706 a
955 3641 1058 3708 classe
1091 3643 1262 3708 Persarum

208 3752 317 3832 gestas
339 3743 433 3809 sicuti
456 3763 476 3808 a
498 3742 620 3810 Iustino
642 3743 678 3809 fit
700 3750 797 3811 antea
818 3766 893 3813 vero
913 3766 1041 3833 pugnas
1063 3746 1107 3813 ad
1128 3747 1263 3814 Artemi·

207 3852 290 3920 sium
309 3855 471 3936 pugnatas
500 3848 682 3917 inseruisse.

206 4081 266 4140 sne
284 4084 362 4153 story
381 4081 412 4138 of
427 4079 566 4138 Diodorus
584 4077 643 4152 (XI,
665 4081 754 4153 10)...
765 4124 786 4139 ..
815 4082 840 4138 is
864 4082 1095 4142 irreconcileable
1119 4085 1190 4142 with
1209 4083 1264 4143 He·

206 4173 322 4230 rodotus
340 4170 396 4228 and
416 4169 565 4240 decidedly
585 4173 616 4226 to
635 4172 670 4228 be
689 4173 821 4244 rejected.

228 4286 231 4290 ·
282 4261 308 4334 1)
330 4261 379 4318 cfr.
397 4261 603 4330 Volquardsen‚
622 4262 641 4317 l.
660 4263 679 4319 l.
698 4283 763 4337 pag.
783 4267 819 4321 48
837 4283 895 4336 seq.
