2954 4772
729 291 772 356 68

228 462 398 530 Plutarcho
421 461 554 546 Nepotis
576 459 751 527 similitudo
775 461 818 548 (v.
842 463 983 529 Oououis
1007 483 1034 530 c.
1057 463 1091 547 3)
1115 459 1156 526 de
1179 459 1284 526 Cono-

228 570 279 636 nis
318 586 463 634 sermone
497 585 567 631 cum
605 565 790 632 Tithrauste
832 567 1005 634 chiliarcho
1039 565 1129 650 regio
1171 565 1285 630 habito

226 672 413 755 scribentis3
442 690 501 736 nee
534 676 642 736 tamen
670 669 746 735 inde
775 671 972 757 collegerim,
1003 669 1089 756 quod
1117 668 1171 735 W.
1204 667 1284 752 vult,

227 799 267 844 ex
289 775 401 842 eodem
434 774 521 840 fonte
544 773 748 840 Plutarchum
777 779 809 841 et
831 776 986 861 Nepotem
1021 773 1183 858 hausisse,
1214 772 1284 857 sed,

227 904 298 949 oum
320 883 479 949 Dinonem
512 884 588 944 onte
621 899 731 945 omnes
754 881 862 966 Nepos
889 879 1116 947 inscribenda
1140 877 1285 944 cononis

226 987 294 1052 vita
314 992 389 1051 ante
412 984 520 1052 oeulos
542 983 699 1068 habuerit,
722 983 927 1068 optimeinde
949 984 1086 1068 intelligi
1107 989 1195 1070 puto,
1216 1001 1285 1066 qua

227 1090 351 1156 ratione
372 1088 543 1173 scriptores
564 1087 618 1152 isti
640 1087 804 1153 historiam
819 1089 1078 1175 conscripserint,
1100 1090 1146 1154 ita
1168 1106 1286 1172 nempe

228 1199 262 1257 ut
283 1192 365 1258 alter
387 1193 519 1258 alterins
550 1192 689 1276 vestigia
715 1192 833 1277 saepti,
866 1212 949 1276 quae
969 1193 1024 1258 ille
1045 1192 1219 1258 rettulisset
1239 1189 1287 1256 ad

227 1298 372 1364 homines
402 1303 434 1364 et
461 1303 606 1382 tempera
638 1317 721 1381 quae
750 1297 820 1382 ipse
842 1296 1055 1382 describeret,
1086 1297 1287 1363 transferret.

228 1402 319 1469 Idem
342 1408 449 1467 autem
471 1400 514 1466 ad
524 1401 704 1468 Neanthem
725 1402 844 1485 valere,
867 1403 979 1468 exhoc
1002 1402 1072 1488 ipso
1095 1401 1166 1467 loeo
1190 1419 1287 1484 quem

227 1513 402 1574 tractamus
437 1507 546 1590 colligi
579 1512 693 1591 potest.
736 1506 880 1572 Phanias
902 1507 986 1573 enim
1019 1507 1093 1590 (frg.
1119 1505 1173 1590 ll)
1195 1504 1288 1570 Euti-

227 1634 314 1678 mum
335 1612 535 1706 Cretensem,
558 1630 630 1676 cnm
653 1611 737 1678 Susa
760 1611 901 1677 venisset
920 1612 1134 1678 aemulatione
1156 1610 1287 1675 Themi-

227 1718 353 1802 stoclis,
394 1718 524 1784 summis
565 1716 738 1782 honoribus
776 1717 817 1782 ab
848 1721 1027 1783 Artaxerxe
1061 1717 1180 1782 elatum
1213 1734 1287 1781 esse

227 1824 371 1909 scripsit,
396 1828 492 1907 atque
514 1821 630 1887 mirum
652 1822 687 1887 in
707 1821 836 1888 modum
858 1823 1015 1888 consentit
1036 1843 1108 1887 cum
1130 1821 1177 1888 eis
1198 1823 1283 1905 quae

228 1929 268 2015 (e.
291 1928 348 2015 29)
370 1927 559 1993 Plutarchus
583 1926 789 1992 Themistocli
822 1927 996 2010 contigisse
1018 1926 1157 1992 exhibet
1200 1926 1285 1992 Nam

227 2034 302 2100 vide
331 2032 426 2099 mode
456 2052 540 2117 quae
561 2032 703 2098 Phanias
734 2032 897 2118 scripserit
925 2037 979 2094 και
1012 2032 1066 2094 inl
1086 2032 1121 2094 τὸ
1144 2047 1285 2109 συγγενι-

229 2137 287 2200 ιιόν
309 2136 439 2218 ἄριστον
460 2135 603 2199 ἐκαλεῖτο
633 2135 650 2198 ὁ
677 2137 761 2220 Κρῆς
783 2131 873 2212 οὗτος
893 2135 949 2199 τὸν
969 2135 1106 2217 βασιλέα
1129 2145 1286 2220 ψυχαγω-

226 2239 343 2324 γήσας·
375 2237 454 2324 ὅπερ
476 2235 585 2302 οὐδενὶ
608 2241 762 2321 πρότερον
783 2245 847 2302 τῶν
864 2235 1185 2323 ‘Eli-puerinum,
1209 2235 1284 2301 ἀλλ’

227 2340 444 2426 οὔδ’ὕσσερον.
485 2340 573 2426 Ac'cp
604 2344 667 2423 γὰρ
696 2339 714 2426 ἢ
738 2340 809 2425 τιμὴ
839 2351 904 2416 ταῖς
925 2344 1086 2420 συχχένεσι
1110 2338 1285 2424 διεφυλάτ-

226 2469 309 2522 τετο,
344 2453 377 2514 et
409 2468 492 2530 quae
526 2447 716 2512 Plutarchus
752 2446 828 2512 dicit
862 2447 906 2534 (v.
941 2447 982 2512 10
1015 2467 1046 2530 p.
1077 2445 1155 2533 248)
1190 2444 1286 2510 οὐδὲν

226 2553 288 2633 γὰρ
311 2547 393 2634 ἦσαν
415 2549 450 2613 ui
472 2554 560 2632 σιμαὶ
578 2561 648 2625 ταῖς
669 2554 734 2614 τῶν
753 2550 865 2614 ἄλλων
887 2547 1025 2614 cristetae
1047 2552 1161 2628 ξένων,
1197 2547 1283 2611 etto

227 2659 282 2718 ecl
304 2659 496 2740 κυνηγεσίων
517 2654 642 2738 βασιλεῖ
662 2658 809 2738 μετέσχε,
839 2660 894 2719 καὶ
916 2658 979 2719 τῶν
1001 2659 1081 2719 oinos
1104 2653 1286 2740 διατριβῶν,

228 2760 305 2824 ὥστε
338 2765 393 2823 καὶ
424 2764 516 2845 μητρὶ
536 2764 573 2851 τῇ
595 2761 751 2842 βασιλέως
784 2761 830 2835 εἰς
851 2761 935 2840 ὄψιν
955 2759 1086 2842 ἐλθεῖν,
1117 2763 1173 2822 καὶ
1198 2761 1286 2835 γενέ-

215 2867 310 2928 σθαι
323 2865 475 2950 συνήθης.
518 2866 617 2933 Porro
630 2865 776 2933 conferas
793 2865 951 2932 Phaniam
971 2864 1037 2950 Ἐφ’
1060 2861 1086 2952 ᾤ
1108 2861 1140 2928 oi
1163 2867 1287 2949 Πέρσαι

227 2969 376 3051 χαλεπῶς
398 2970 516 3055 ἔφερον
529 2969 635 3055 ὥςσῆς
656 2995 688 3034 τε
708 2974 798 3056 τιμῆς
811 2969 1026 3056 δημευομένης
1047 2975 1101 3032 καὶ
1124 2980 1287 3055 σιρανείας

227 3074 283 3138 dni
317 3077 374 3158 τὴν
404 3071 548 3138 Ἑλλάδα
589 3074 692 3139 πάλιν
733 3075 885 3160 ἐσομένης
916 3081 948 3141 et
979 3074 1185 3141 Plutarchum
1218 3083 1293 3148 ιιιτς·

228 3181 289 3258 μὲν
309 3177 398 3254 ἐντὸς
419 3178 522 3256 δόξαν
545 3182 686 3262 παρέσχε
702 3184 774 3262 περὶ
794 3183 858 3244 τῶν
875 3177 1066 3264 Ἑλληνικῶν
1088 3177 1288 3263 πραγμάτων

229 3281 411 3364 διειλέχθαι
437 3328 569 3348 .....
593 3283 728 3368 φθόνον
757 3285 829 3364 ε”σχε
855 3283 946 3366 παρα
968 3295 1032 3358 ταῖς
1054 3282 1212 3358 δυνατοῖς.
1256 3283 1285 3348 Ε

228 3388 355 3455 Phania
383 3389 455 3474 ipso
489 3388 617 3473 quidem
648 3410 733 3474 quae
759 3389 949 3456 Plutarchus
981 3390 1041 3456 hoc
1072 3389 1143 3456 loco
1165 3395 1286 3475 narrat,

228 3514 379 3560 manasse
414 3501 575 3578 nequeunt
605 3495 677 3581 qui,
699 3496 728 3561 si
749 3496 997 3562 Themistoclem
1019 3495 1193 3563 honoribus
1215 3493 1287 3561 istis

228 3597 379 3664 affectum
417 3617 488 3664 esse
523 3599 676 3685 scriptum
705 3598 884 3685 habuisset,
919 3606 1032 3686 postea
1061 3619 1133 3665 cum
1166 3596 1290 3665 Entimi

228 3700 364 3768 honores
406 3701 617 3789 describeret,
658 3703 764 3771 dicere
805 3726 870 3772 non
903 3705 1027 3790 potuit:
1070 3701 1150 3787 ὅπερ
1181 3699 1288 3767 οὐδενὶ

228 3805 384 3889 πρότερον
412 3809 476 3867 τῶν
503 3802 666 3892 Ἑλλήνων
701 3807 835 3886 ἐγένετο.
887 3809 976 3874 Bene
1009 3812 1119 3873 contra
1149 3806 1288 3891 cogitari

227 3916 332 3996 potest
371 3911 568 3997 Neanthem,
614 3912 669 3997 qui
708 3932 726 3978 e
770 3914 899 3980 Phania
931 3912 1117 3997 hauriebat,
1149 3912 1287 3978 honores

227 4036 307 4101 quos
340 4016 467 4082 Eutime
499 4018 635 4084 tributos
666 4038 736 4085 esse
763 4019 821 4086 ille
849 4018 1041 4103 tradiderat,
1074 4017 1109 4083 in
1142 4016 1286 4083 Themis-

227 4121 343 4188 toclem
364 4122 575 4209 transtulisse,
597 4124 694 4207 idque
717 4144 754 4189 eo
777 4124 906 4190 facilius
926 4123 997 4190 fieri
1019 4115 1131 4208 potuit,
1154 4123 1231 4207 quia
1251 4121 1286 4186 in

182 4211 190 4226 ⁹
228 4226 331 4292 Eresii
366 4227 426 4291 istc
460 4227 530 4294 loco
561 4235 593 4294 et
624 4229 725 4313 ipsius
748 4228 972 4296 Themistoclis
994 4229 1113 4296 mentio
1134 4228 1179 4294 fit
1221 4229 1285 4294 Ita-
