<?xml version="1.0" encoding="UTF-8"?>
<!DOCTYPE html PUBLIC "-//W3C//DTD XHTML 1.0 Transitional//EN"
    "http://www.w3.org/TR/xhtml1/DTD/xhtml1-transitional.dtd">
<html xmlns="http://www.w3.org/1999/xhtml" xml:lang="en" lang="en">
 <head>
  <title>
</title>
<meta http-equiv="Content-Type" content="text/html;charset=utf-8" />
  <meta name='ocr-system' content='tesseract 3.04.00' />
  <meta name='ocr-capabilities' content='ocr_page ocr_carea ocr_par ocr_line ocrx_word'/>
</head>
<body>
  <div class='ocr_page' id='page_1' title='image "./dethemistoclisp00albrgoog_0020.png"; bbox 0 0 2954 4772; ppageno 0'>
   <div class='ocr_carea' id='block_1_1' title="bbox 726 332 772 402">
    <p class='ocr_par' dir='ltr' id='par_1_1' title="bbox 726 332 772 402">
     <span class='ocr_line' id='line_1_1' title="bbox 726 332 772 402; baseline 0.065 -2"><span class='ocrx_word' id='word_1_1' title='bbox 726 332 772 402; x_wconf 76' lang='lat'><strong>15</strong></span> 
     </span>
    </p>
   </div>
   <div class='ocr_carea' id='block_1_2' title="bbox 137 493 1334 3353">
    <p class='ocr_par' dir='ltr' id='par_1_2' title="bbox 137 493 1334 3020">
     <span class='ocr_line' id='line_1_2' title="bbox 218 493 1279 597; baseline 0.011 -27"><span class='ocrx_word' id='word_1_2' title='bbox 218 493 298 572; x_wconf 85' lang='lat' dir='ltr'><strong>sent&#39;.</strong></span> <span class='ocrx_word' id='word_1_3' title='bbox 321 539 363 553; x_wconf 93' lang='lat'><strong>·-</strong></span> <span class='ocrx_word' id='word_1_4' title='bbox 406 495 523 591; x_wconf 84' lang='lat' dir='ltr'><strong>Ahquo</strong></span> <span class='ocrx_word' id='word_1_5' title='bbox 541 503 637 575; x_wconf 89' lang='lat' dir='ltr'><strong>modo</strong></span> <span class='ocrx_word' id='word_1_6' title='bbox 666 504 994 597; x_wconf 75' lang='lat' dir='ltr'><strong>igitursntontsi11)</strong></span> <span class='ocrx_word' id='word_1_7' title='bbox 1025 513 1204 580; x_wconf 86' lang='lat' dir='ltr'><strong>sentcntiae</strong></span> <span class='ocrx_word' id='word_1_8' title='bbox 1224 534 1279 582; x_wconf 62' lang='lat' dir='ltr'><strong>us·¹</strong></span> 
     </span>
     <span class='ocr_line' id='line_1_3' title="bbox 217 602 1271 707; baseline 0.009 -30"><span class='ocrx_word' id='word_1_9' title='bbox 217 602 352 698; x_wconf 86' lang='lat' dir='ltr'><strong>sentior,</strong></span> <span class='ocrx_word' id='word_1_10' title='bbox 391 611 445 696; x_wconf 90' lang='lat' dir='ltr'><strong>qui</strong></span> <span class='ocrx_word' id='word_1_11' title='bbox 466 619 568 681; x_wconf 89' lang='lat' dir='ltr'><strong>totam</strong></span> <span class='ocrx_word' id='word_1_12' title='bbox 587 613 684 681; x_wconf 85' lang='lat' dir='ltr'><strong>istam</strong></span> <span class='ocrx_word' id='word_1_13' title='bbox 705 618 924 682; x_wconf 78' lang='lat' dir='ltr'>narrationem</span> <span class='ocrx_word' id='word_1_14' title='bbox 944 614 1053 683; x_wconf 90' lang='lat' dir='ltr'><strong>fictam</strong></span> <span class='ocrx_word' id='word_1_15' title='bbox 1086 626 1157 687; x_wconf 90' lang='lat' dir='ltr'><strong>esse</strong></span> <span class='ocrx_word' id='word_1_16' title='bbox 1179 625 1271 707; x_wconf 87' lang='lat' dir='ltr'><strong>putat</strong></span> 
     </span>
     <span class='ocr_line' id='line_1_4' title="bbox 219 717 1279 813; baseline 0.013 -32"><span class='ocrx_word' id='word_1_17' title='bbox 219 721 384 801; x_wconf 86' lang='lat' dir='ltr'><strong>ortamque</strong></span> <span class='ocrx_word' id='word_1_18' title='bbox 415 718 580 806; x_wconf 89' lang='lat' dir='ltr'><strong>scriptoris</strong></span> <span class='ocrx_word' id='word_1_19' title='bbox 611 717 798 806; x_wconf 88' lang='lat' dir='ltr'><strong>posterioris</strong></span> <span class='ocrx_word' id='word_1_20' title='bbox 826 720 900 787; x_wconf 87' lang='lat' dir='ltr'><strong>aevi</strong></span> <span class='ocrx_word' id='word_1_21' title='bbox 929 721 1068 810; x_wconf 90' lang='lat' dir='ltr'><strong>incuria,</strong></span> <span class='ocrx_word' id='word_1_22' title='bbox 1106 727 1161 812; x_wconf 89' lang='lat' dir='ltr'><strong>qui</strong></span> <span class='ocrx_word' id='word_1_23' title='bbox 1190 728 1279 813; x_wconf 89' lang='lat' dir='ltr'><strong>qnod·</strong></span> 
     </span>
     <span class='ocr_line' id='line_1_5' title="bbox 218 820 1275 903; baseline 0.016 -16"><span class='ocrx_word' id='word_1_24' title='bbox 218 820 340 890; x_wconf 83' lang='lat' dir='ltr'><strong>t&#39;actnm</strong></span> <span class='ocrx_word' id='word_1_25' title='bbox 369 830 453 891; x_wconf 89' lang='lat' dir='ltr'><strong>esset</strong></span> <span class='ocrx_word' id='word_1_26' title='bbox 475 846 546 893; x_wconf 85' lang='lat' dir='ltr'><strong>curn</strong></span> <span class='ocrx_word' id='word_1_27' title='bbox 569 825 688 892; x_wconf 88' lang='lat' dir='ltr'><strong>Darius</strong></span> <span class='ocrx_word' id='word_1_28' title='bbox 718 845 777 892; x_wconf 83' lang='lat' dir='ltr'><strong>rex</strong></span> <span class='ocrx_word' id='word_1_29' title='bbox 803 824 895 893; x_wconf 89' lang='lat' dir='ltr'><strong>illam</strong></span> <span class='ocrx_word' id='word_1_30' title='bbox 914 828 1079 898; x_wconf 82' lang='lat' dir='ltr'><strong>moliretur</strong></span> <span class='ocrx_word' id='word_1_31' title='bbox 1109 832 1145 898; x_wconf 92' lang='lat' dir='ltr'><strong>in</strong></span> <span class='ocrx_word' id='word_1_32' title='bbox 1177 834 1275 903; x_wconf 76' lang='lat' dir='ltr'><strong>Grae·</strong></span> 
     </span>
     <span class='ocr_line' id='line_1_6' title="bbox 218 929 1277 1026; baseline 0.018 -30"><span class='ocrx_word' id='word_1_33' title='bbox 218 929 313 997; x_wconf 58' lang='lat' dir='ltr'><strong>ciam*</strong></span> <span class='ocrx_word' id='word_1_34' title='bbox 335 929 577 1000; x_wconf 79' lang='lat' dir='ltr'>descensionem</span> <span class='ocrx_word' id='word_1_35' title='bbox 617 931 793 1000; x_wconf 80' lang='lat' dir='ltr'><strong>rettulisset</strong></span> <span class='ocrx_word' id='word_1_36' title='bbox 821 931 865 999; x_wconf 89' lang='lat' dir='ltr'><strong>ad</strong></span> <span class='ocrx_word' id='word_1_37' title='bbox 886 934 1005 1003; x_wconf 83' lang='lat' dir='ltr'><strong>Xerxis</strong></span> <span class='ocrx_word' id='word_1_38' title='bbox 1039 939 1277 1026; x_wconf 86' lang='lat' dir='ltr'><strong>expeditionem</strong></span> 
     </span>
     <span class='ocr_line' id='line_1_7' title="bbox 218 1034 1276 1129; baseline 0.016 -27"><span class='ocrx_word' id='word_1_39' title='bbox 218 1034 271 1102; x_wconf 86' lang='lat' dir='ltr'><strong>vel</strong></span> <span class='ocrx_word' id='word_1_40' title='bbox 293 1036 430 1103; x_wconf 90' lang='lat' dir='ltr'><strong>eandem</strong></span> <span class='ocrx_word' id='word_1_41' title='bbox 450 1059 518 1106; x_wconf 94' lang='lat' dir='ltr'><strong>rem</strong></span> <span class='ocrx_word' id='word_1_42' title='bbox 538 1038 590 1105; x_wconf 91' lang='lat' dir='ltr'><strong>his</strong></span> <span class='ocrx_word' id='word_1_43' title='bbox 612 1042 808 1105; x_wconf 90' lang='lat' dir='ltr'><strong>commentus</strong></span> <span class='ocrx_word' id='word_1_44' title='bbox 831 1043 924 1105; x_wconf 88' lang='lat' dir='ltr'><strong>esset.</strong></span> <span class='ocrx_word' id='word_1_45' title='bbox 967 1042 1052 1108; x_wconf 89' lang='lat' dir='ltr'><strong>Nam</strong></span> <span class='ocrx_word' id='word_1_46' title='bbox 1068 1045 1276 1129; x_wconf 72' lang='lat' dir='ltr'><strong>quodAristi</strong></span> 
     </span>
     <span class='ocr_line' id='line_1_8' title="bbox 137 1137 1275 1232; baseline 0.019 -27"><span class='ocrx_word' id='word_1_47' title='bbox 137 1184 139 1186; x_wconf 93' lang='lat'>-</span> <span class='ocrx_word' id='word_1_48' title='bbox 219 1137 276 1208; x_wconf 90' lang='lat' dir='ltr'><strong>des</strong></span> <span class='ocrx_word' id='word_1_49' title='bbox 310 1141 470 1232; x_wconf 68' lang='lat' dir='ltr'><strong>orator2),</strong></span> <span class='ocrx_word' id='word_1_50' title='bbox 501 1143 660 1230; x_wconf 84' lang='lat' dir='ltr'><strong>adquam</strong></span> <span class='ocrx_word' id='word_1_51' title='bbox 690 1143 846 1211; x_wconf 85' lang='lat' dir='ltr'><strong>Pinchius</strong></span> <span class='ocrx_word' id='word_1_52' title='bbox 859 1143 886 1232; x_wconf 81' lang='lat'><strong>³)</strong></span> <span class='ocrx_word' id='word_1_53' title='bbox 916 1152 951 1213; x_wconf 91' lang='lat' dir='ltr'><strong>ut</strong></span> <span class='ocrx_word' id='word_1_54' title='bbox 986 1151 1151 1222; x_wconf 88' lang='lat' dir='ltr'><strong>confirmet</strong></span> <span class='ocrx_word' id='word_1_55' title='bbox 1183 1177 1275 1227; x_wconf 91' lang='lat' dir='ltr'><strong>suam</strong></span> 
     </span>
     <span class='ocr_line' id='line_1_9' title="bbox 218 1248 1276 1357; baseline 0.021 -44"><span class='ocrx_word' id='word_1_56' title='bbox 218 1248 411 1315; x_wconf 83' lang='lat' dir='ltr'><strong>sententiam</strong></span> <span class='ocrx_word' id='word_1_57' title='bbox 455 1251 584 1338; x_wconf 89' lang='lat' dir='ltr'><strong>saepius</strong></span> <span class='ocrx_word' id='word_1_58' title='bbox 617 1256 754 1338; x_wconf 89' lang='lat' dir='ltr'><strong>spectat,</strong></span> <span class='ocrx_word' id='word_1_59' title='bbox 799 1271 871 1317; x_wconf 93' lang='lat' dir='ltr'><strong>cum</strong></span> <span class='ocrx_word' id='word_1_60' title='bbox 902 1253 1074 1326; x_wconf 79' lang='lat' dir='ltr'><strong>Plutarcho</strong></span> <span class='ocrx_word' id='word_1_61' title='bbox 1109 1267 1276 1357; x_wconf 80' lang='lat' dir='ltr'><strong>consentit,</strong></span> 
     </span>
     <span class='ocr_line' id='line_1_10' title="bbox 218 1351 1275 1442; baseline 0.024 -26"><span class='ocrx_word' id='word_1_62' title='bbox 218 1351 336 1418; x_wconf 87' lang='lat' dir='ltr'><strong>nullius</strong></span> <span class='ocrx_word' id='word_1_63' title='bbox 357 1355 510 1421; x_wconf 89' lang='lat' dir='ltr'><strong>momenti</strong></span> <span class='ocrx_word' id='word_1_64' title='bbox 541 1360 606 1442; x_wconf 91' lang='lat' dir='ltr'><strong>est,</strong></span> <span class='ocrx_word' id='word_1_65' title='bbox 639 1355 716 1440; x_wconf 90' lang='lat' dir='ltr'><strong>quia</strong></span> <span class='ocrx_word' id='word_1_66' title='bbox 749 1375 957 1442; x_wconf 89' lang='lat' dir='ltr'><strong>quaecunque</strong></span> <span class='ocrx_word' id='word_1_67' title='bbox 990 1360 1030 1428; x_wconf 89' lang='lat' dir='ltr'><strong>dc</strong></span> <span class='ocrx_word' id='word_1_68' title='bbox 1059 1365 1275 1441; x_wconf 82' lang='lat' dir='ltr'><strong>Themistocle</strong></span> 
     </span>
     <span class='ocr_line' id='line_1_11' title="bbox 219 1456 1274 1555; baseline 0.02 -33"><span class='ocrx_word' id='word_1_69' title='bbox 219 1461 326 1523; x_wconf 89' lang='lat' dir='ltr'><strong>orator</strong></span> <span class='ocrx_word' id='word_1_70' title='bbox 346 1456 402 1524; x_wconf 92' lang='lat' dir='ltr'><strong>ille</strong></span> <span class='ocrx_word' id='word_1_71' title='bbox 424 1458 545 1545; x_wconf 80' lang='lat' dir='ltr'><strong>profert</strong></span> <span class='ocrx_word' id='word_1_72' title='bbox 570 1480 611 1527; x_wconf 84' lang='lat' dir='ltr'><strong>ex</strong></span> <span class='ocrx_word' id='word_1_73' title='bbox 633 1459 826 1527; x_wconf 89' lang='lat' dir='ltr'><strong>Plutarchea</strong></span> <span class='ocrx_word' id='word_1_74' title='bbox 848 1461 916 1529; x_wconf 87' lang='lat' dir='ltr'><strong>vita</strong></span> <span class='ocrx_word' id='word_1_75' title='bbox 942 1463 1109 1555; x_wconf 86' lang='lat' dir='ltr'><strong>descripta</strong></span> <span class='ocrx_word' id='word_1_76' title='bbox 1130 1480 1212 1543; x_wconf 92' lang='lat' dir='ltr'><strong>sunt.</strong></span> <span class='ocrx_word' id='word_1_77' title='bbox 1231 1498 1274 1528; x_wconf 71' lang='lat'><strong>-·&#39;</strong></span> 
     </span>
     <span class='ocr_line' id='line_1_12' title="bbox 219 1559 1273 1665; baseline 0.023 -39"><span class='ocrx_word' id='word_1_78' title='bbox 219 1559 310 1640; x_wconf 80' lang='lat' dir='ltr'><strong>Quae</strong></span> <span class='ocrx_word' id='word_1_79' title='bbox 331 1583 403 1628; x_wconf 90' lang='lat' dir='ltr'><strong>cum</strong></span> <span class='ocrx_word' id='word_1_80' title='bbox 424 1562 471 1630; x_wconf 89' lang='lat' dir='ltr'><strong>ita</strong></span> <span class='ocrx_word' id='word_1_81' title='bbox 493 1563 573 1651; x_wconf 92' lang='lat' dir='ltr'><strong>sint,</strong></span> <span class='ocrx_word' id='word_1_82' title='bbox 607 1561 819 1630; x_wconf 90' lang='lat' dir='ltr'><strong>dubitandum</strong></span> <span class='ocrx_word' id='word_1_83' title='bbox 852 1585 923 1634; x_wconf 89' lang='lat' dir='ltr'><strong>esse</strong></span> <span class='ocrx_word' id='word_1_84' title='bbox 946 1589 1010 1636; x_wconf 92' lang='lat' dir='ltr'><strong>non</strong></span> <span class='ocrx_word' id='word_1_85' title='bbox 1032 1573 1181 1664; x_wconf 81' lang='lat' dir='ltr'><strong>videtur,</strong></span> <span class='ocrx_word' id='word_1_86' title='bbox 1195 1582 1273 1665; x_wconf 92' lang='lat' dir='ltr'><strong>quin</strong></span> 
     </span>
     <span class='ocr_line' id='line_1_13' title="bbox 220 1663 1274 1776; baseline 0.024 -46"><span class='ocrx_word' id='word_1_87' title='bbox 220 1663 315 1733; x_wconf 83' lang='lat' dir='ltr'><strong>fuerit</strong></span> <span class='ocrx_word' id='word_1_88' title='bbox 345 1667 380 1734; x_wconf 92' lang='lat' dir='ltr'><strong>in</strong></span> <span class='ocrx_word' id='word_1_89' title='bbox 412 1669 561 1736; x_wconf 89' lang='lat' dir='ltr'><strong>manibus</strong></span> <span class='ocrx_word' id='word_1_90' title='bbox 589 1668 755 1736; x_wconf 84' lang='lat' dir='ltr'><strong>Plutarchi</strong></span> <span class='ocrx_word' id='word_1_91' title='bbox 786 1670 1114 1763; x_wconf 84' lang='lat' dir='ltr'><strong>Atthidcgraphorum</strong></span> <span class='ocrx_word' id='word_1_92' title='bbox 1147 1685 1274 1776; x_wconf 88' lang='lat' dir='ltr'><strong>aliquis,</strong></span> 
     </span>
     <span class='ocr_line' id='line_1_14' title="bbox 222 1771 1274 1873; baseline 0.027 -38"><span class='ocrx_word' id='word_1_93' title='bbox 222 1771 277 1854; x_wconf 89' lang='lat' dir='ltr'><strong>qui</strong></span> <span class='ocrx_word' id='word_1_94' title='bbox 296 1780 467 1860; x_wconf 71' lang='lat' dir='ltr'><strong>vocantur,</strong></span> <span class='ocrx_word' id='word_1_95' title='bbox 498 1795 631 1859; x_wconf 91' lang='lat' dir='ltr'><strong>quorum</strong></span> <span class='ocrx_word' id='word_1_96' title='bbox 660 1796 732 1842; x_wconf 93' lang='lat' dir='ltr'><strong>cum</strong></span> <span class='ocrx_word' id='word_1_97' title='bbox 761 1777 867 1845; x_wconf 91' lang='lat' dir='ltr'><strong>nullus</strong></span> <span class='ocrx_word' id='word_1_98' title='bbox 896 1781 1018 1850; x_wconf 92' lang='lat' dir='ltr'><strong>maiore</strong></span> <span class='ocrx_word' id='word_1_99' title='bbox 1040 1787 1129 1873; x_wconf 90' lang='lat' dir='ltr'><strong>apud</strong></span> <span class='ocrx_word' id='word_1_100' title='bbox 1149 1795 1274 1862; x_wconf 79' lang='lat' dir='ltr'><strong>veteres</strong></span> 
     </span>
     <span class='ocr_line' id='line_1_15' title="bbox 221 1874 1273 1968; baseline 0.029 -30"><span class='ocrx_word' id='word_1_101' title='bbox 221 1874 388 1961; x_wconf 89' lang='lat' dir='ltr'><strong>scriptores</strong></span> <span class='ocrx_word' id='word_1_102' title='bbox 419 1879 563 1948; x_wconf 89' lang='lat' dir='ltr'><strong>floruerit</strong></span> <span class='ocrx_word' id='word_1_103' title='bbox 594 1881 785 1948; x_wconf 87' lang='lat' dir='ltr'><strong>auctoritate</strong></span> <span class='ocrx_word' id='word_1_104' title='bbox 814 1903 912 1968; x_wconf 89' lang='lat' dir='ltr'><strong>quam</strong></span> <span class='ocrx_word' id='word_1_105' title='bbox 933 1887 1145 1962; x_wconf 91' lang='lat' dir='ltr'><strong>Philochorus</strong></span> <span class='ocrx_word' id='word_1_106' title='bbox 1175 1899 1273 1968; x_wconf 91' lang='lat' dir='ltr'><strong>Athe-</strong></span> 
     </span>
     <span class='ocr_line' id='line_1_16' title="bbox 218 1978 1274 2090; baseline 0.027 -45"><span class='ocrx_word' id='word_1_107' title='bbox 218 1978 355 2069; x_wconf 87' lang='lat' dir='ltr'><strong>niensis,</strong></span> <span class='ocrx_word' id='word_1_108' title='bbox 378 2002 512 2070; x_wconf 87' lang='lat' dir='ltr'><strong>cumque</strong></span> <span class='ocrx_word' id='word_1_109' title='bbox 532 1985 723 2055; x_wconf 89' lang='lat' dir='ltr'><strong>Plutarchus</strong></span> <span class='ocrx_word' id='word_1_110' title='bbox 744 1988 815 2075; x_wconf 88' lang='lat' dir='ltr'><strong>ipse</strong></span> <span class='ocrx_word' id='word_1_111' title='bbox 837 1991 925 2059; x_wconf 76' lang='lat' dir='ltr'><strong>et&#39;in</strong></span> <span class='ocrx_word' id='word_1_112' title='bbox 947 1995 1020 2062; x_wconf 90' lang='lat' dir='ltr'><strong>aliis</strong></span> <span class='ocrx_word' id='word_1_113' title='bbox 1043 1997 1118 2066; x_wconf 88' lang='lat' dir='ltr'><strong>vitis</strong></span> <span class='ocrx_word' id='word_1_114' title='bbox 1126 2001 1153 2090; x_wconf 83' lang='lat'><strong>⁴)</strong></span> <span class='ocrx_word' id='word_1_115' title='bbox 1185 2007 1274 2074; x_wconf 91' lang='lat' dir='ltr'><strong>etin</strong></span> 
     </span>
     <span class='ocr_line' id='line_1_17' title="bbox 216 2081 1274 2203; baseline 0.03 -54"><span class='ocrx_word' id='word_1_116' title='bbox 216 2081 279 2151; x_wconf 91' lang='lat' dir='ltr'><strong>hac</strong></span> <span class='ocrx_word' id='word_1_117' title='bbox 300 2086 407 2178; x_wconf 84' lang='lat' dir='ltr'><strong>ipsa⁵)</strong></span> <span class='ocrx_word' id='word_1_118' title='bbox 430 2090 601 2158; x_wconf 89' lang='lat' dir='ltr'><strong>scribenda</strong></span> <span class='ocrx_word' id='word_1_119' title='bbox 624 2113 664 2160; x_wconf 84' lang='lat' dir='ltr'><strong>ex</strong></span> <span class='ocrx_word' id='word_1_120' title='bbox 687 2094 818 2162; x_wconf 88' lang='lat' dir='ltr'><strong>Atthide</strong></span> <span class='ocrx_word' id='word_1_121' title='bbox 841 2097 910 2165; x_wconf 90' lang='lat' dir='ltr'><strong>eius</strong></span> <span class='ocrx_word' id='word_1_122' title='bbox 931 2103 1090 2185; x_wconf 89' lang='lat' dir='ltr'><strong>permulta</strong></span> <span class='ocrx_word' id='word_1_123' title='bbox 1120 2107 1274 2203; x_wconf 88' lang='lat' dir='ltr'><strong>hauserit,</strong></span> 
     </span>
     <span class='ocr_line' id='line_1_18' title="bbox 217 2187 1334 2290; baseline 0.03 -34"><span class='ocrx_word' id='word_1_124' title='bbox 217 2187 355 2277; x_wconf 90' lang='lat' dir='ltr'><strong>denique</strong></span> <span class='ocrx_word' id='word_1_125' title='bbox 378 2214 449 2262; x_wconf 92' lang='lat' dir='ltr'><strong>cum</strong></span> <span class='ocrx_word' id='word_1_126' title='bbox 471 2203 595 2265; x_wconf 89' lang='lat' dir='ltr'><strong>constet</strong></span> <span class='ocrx_word' id='word_1_127' title='bbox 607 2197 647 2286; x_wconf 82' lang='grc'><strong>6),</strong></span> <span class='ocrx_word' id='word_1_128' title='bbox 670 2219 744 2267; x_wconf 95' lang='lat' dir='ltr'><strong>eum</strong></span> <span class='ocrx_word' id='word_1_129' title='bbox 764 2201 989 2290; x_wconf 85' lang='lat' dir='ltr'><strong>inscriptiones</strong></span> <span class='ocrx_word' id='word_1_130' title='bbox 1002 2208 1203 2284; x_wconf 88' lang='lat' dir='ltr'><strong>Athenarum</strong></span> <span class='ocrx_word' id='word_1_131' title='bbox 1223 2239 1273 2287; x_wconf 92' lang='lat' dir='ltr'><strong>ur·</strong></span> <span class='ocrx_word' id='word_1_132' title='bbox 1320 2201 1334 2231; x_wconf 71' lang='grc'><strong>“</strong></span> 
     </span>
     <span class='ocr_line' id='line_1_19' title="bbox 216 2295 1274 2392; baseline 0.026 -27"><span class='ocrx_word' id='word_1_133' title='bbox 216 2295 267 2365; x_wconf 87' lang='lat' dir='ltr'><strong>bis</strong></span> <span class='ocrx_word' id='word_1_134' title='bbox 289 2295 534 2384; x_wconf 83' lang='lat' dir='ltr'><strong>diligentissime</strong></span> <span class='ocrx_word' id='word_1_135' title='bbox 568 2309 783 2390; x_wconf 87' lang='lat' dir='ltr'><strong>pertractasse</strong></span> <span class='ocrx_word' id='word_1_136' title='bbox 811 2313 845 2375; x_wconf 82' lang='lat' dir='ltr'><strong>et</strong></span> <span class='ocrx_word' id='word_1_137' title='bbox 876 2309 920 2376; x_wconf 92' lang='lat' dir='ltr'><strong>ad</strong></span> <span class='ocrx_word' id='word_1_138' title='bbox 938 2313 1103 2384; x_wconf 86' lang='lat' dir='ltr'><strong>Atthidem</strong></span> <span class='ocrx_word' id='word_1_139' title='bbox 1134 2323 1274 2392; x_wconf 87' lang='lat' dir='ltr'><strong>scriben-</strong></span> 
     </span>
     <span class='ocr_line' id='line_1_20' title="bbox 216 2400 1272 2505; baseline 0.028 -36"><span class='ocrx_word' id='word_1_140' title='bbox 216 2400 292 2470; x_wconf 90' lang='lat' dir='ltr'><strong>dam</strong></span> <span class='ocrx_word' id='word_1_141' title='bbox 307 2424 490 2495; x_wconf 86' lang='lat' dir='ltr'><strong>usurpasse,</strong></span> <span class='ocrx_word' id='word_1_142' title='bbox 512 2409 589 2494; x_wconf 90' lang='lat' dir='ltr'><strong>quin</strong></span> <span class='ocrx_word' id='word_1_143' title='bbox 607 2411 704 2479; x_wconf 89' lang='lat' dir='ltr'><strong>etiam</strong></span> <span class='ocrx_word' id='word_1_144' title='bbox 725 2413 888 2482; x_wconf 80' lang='lat' dir='ltr'><strong>titulorum</strong></span> <span class='ocrx_word' id='word_1_145' title='bbox 902 2418 1102 2505; x_wconf 90' lang='lat' dir='ltr'><strong>pubhcorum</strong></span> <span class='ocrx_word' id='word_1_146' title='bbox 1114 2428 1272 2500; x_wconf 90' lang='lat' dir='ltr'><strong>collectio·</strong></span> 
     </span>
     <span class='ocr_line' id='line_1_21' title="bbox 215 2500 1272 2622; baseline 0.028 -47"><span class='ocrx_word' id='word_1_147' title='bbox 215 2500 291 2576; x_wconf 89' lang='lat' dir='ltr'><strong>nem</strong></span> <span class='ocrx_word' id='word_1_148' title='bbox 313 2511 454 2580; x_wconf 87' lang='lat' dir='ltr'><strong>edidisse</strong></span> <span class='ocrx_word' id='word_1_149' title='bbox 468 2513 503 2602; x_wconf 79' lang='lat'><strong>⁷),</strong></span> <span class='ocrx_word' id='word_1_150' title='bbox 526 2522 624 2602; x_wconf 88' lang='lat' dir='ltr'><strong>atque</strong></span> <span class='ocrx_word' id='word_1_151' title='bbox 644 2517 794 2588; x_wconf 88' lang='lat' dir='ltr'><strong>Atthides</strong></span> <span class='ocrx_word' id='word_1_152' title='bbox 819 2521 893 2588; x_wconf 90' lang='lat' dir='ltr'><strong>illus</strong></span> <span class='ocrx_word' id='word_1_153' title='bbox 919 2524 966 2590; x_wconf 89' lang='lat' dir='ltr'><strong>ita</strong></span> <span class='ocrx_word' id='word_1_154' title='bbox 988 2525 1087 2596; x_wconf 84' lang='lat' dir='ltr'><strong>fuisse</strong></span> <span class='ocrx_word' id='word_1_155' title='bbox 1108 2551 1272 2622; x_wconf 88' lang='lat' dir='ltr'><strong>compara-</strong></span> 
     </span>
     <span class='ocr_line' id='line_1_22' title="bbox 214 2615 1271 2714; baseline 0.028 -35"><span class='ocrx_word' id='word_1_156' title='bbox 214 2618 281 2702; x_wconf 85' lang='lat' dir='ltr'><strong>tas,</strong></span> <span class='ocrx_word' id='word_1_157' title='bbox 313 2621 347 2682; x_wconf 89' lang='lat' dir='ltr'><strong>nt</strong></span> <span class='ocrx_word' id='word_1_158' title='bbox 370 2617 506 2703; x_wconf 83' lang='lat' dir='ltr'><strong>singulis</strong></span> <span class='ocrx_word' id='word_1_159' title='bbox 529 2615 625 2688; x_wconf 88' lang='lat' dir='ltr'><strong>annis</strong></span> <span class='ocrx_word' id='word_1_160' title='bbox 647 2643 698 2690; x_wconf 88' lang='lat' dir='ltr'><strong>res</strong></span> <span class='ocrx_word' id='word_1_161' title='bbox 720 2626 875 2693; x_wconf 87' lang='lat' dir='ltr'><strong>memoria</strong></span> <span class='ocrx_word' id='word_1_162' title='bbox 898 2627 1018 2714; x_wconf 85' lang='lat' dir='ltr'><strong>dignae</strong></span> <span class='ocrx_word' id='word_1_163' title='bbox 1052 2633 1271 2709; x_wconf 87' lang='lat' dir='ltr'><strong>adscriberen—</strong></span> 
     </span>
     <span class='ocr_line' id='line_1_23' title="bbox 214 2721 1272 2829; baseline 0.029 -45"><span class='ocrx_word' id='word_1_164' title='bbox 214 2725 281 2807; x_wconf 92' lang='lat' dir='ltr'><strong>tur,</strong></span> <span class='ocrx_word' id='word_1_165' title='bbox 313 2721 396 2790; x_wconf 90' lang='lat' dir='ltr'><strong>haec</strong></span> <span class='ocrx_word' id='word_1_166' title='bbox 426 2725 535 2792; x_wconf 87' lang='lat' dir='ltr'><strong>omnia</strong></span> <span class='ocrx_word' id='word_1_167' title='bbox 566 2725 609 2792; x_wconf 87' lang='lat' dir='ltr'><strong>ad</strong></span> <span class='ocrx_word' id='word_1_168' title='bbox 631 2736 728 2816; x_wconf 91' lang='lat' dir='ltr'><strong>caput</strong></span> <span class='ocrx_word' id='word_1_169' title='bbox 757 2730 837 2797; x_wconf 90' lang='lat' dir='ltr'><strong>illud</strong></span> <span class='ocrx_word' id='word_1_170' title='bbox 858 2733 1022 2803; x_wconf 86' lang='lat' dir='ltr'><strong>Plutarchi</strong></span> <span class='ocrx_word' id='word_1_171' title='bbox 1044 2738 1091 2807; x_wconf 90' lang='lat' dir='ltr'><strong>ita</strong></span> <span class='ocrx_word' id='word_1_172' title='bbox 1113 2745 1272 2829; x_wconf 89' lang='lat' dir='ltr'><strong>pertinere</strong></span> 
     </span>
     <span class='ocr_line' id='line_1_24' title="bbox 213 2822 1271 2942; baseline 0.03 -54"><span class='ocrx_word' id='word_1_173' title='bbox 213 2822 293 2891; x_wconf 93' lang='lat' dir='ltr'><strong>mihi</strong></span> <span class='ocrx_word' id='word_1_174' title='bbox 320 2826 488 2910; x_wconf 85' lang='lat' dir='ltr'><strong>videntur,</strong></span> <span class='ocrx_word' id='word_1_175' title='bbox 521 2836 557 2897; x_wconf 94' lang='lat' dir='ltr'><strong>ut</strong></span> <span class='ocrx_word' id='word_1_176' title='bbox 579 2851 644 2899; x_wconf 94' lang='lat' dir='ltr'><strong>non</strong></span> <span class='ocrx_word' id='word_1_177' title='bbox 666 2853 781 2901; x_wconf 89' lang='lat' dir='ltr'><strong>verear</strong></span> <span class='ocrx_word' id='word_1_178' title='bbox 802 2856 844 2902; x_wconf 91' lang='lat' dir='ltr'><strong>ne</strong></span> <span class='ocrx_word' id='word_1_179' title='bbox 867 2838 963 2906; x_wconf 89' lang='lat' dir='ltr'><strong>nimis</strong></span> <span class='ocrx_word' id='word_1_180' title='bbox 986 2841 1141 2915; x_wconf 88' lang='lat' dir='ltr'><strong>audacter</strong></span> <span class='ocrx_word' id='word_1_181' title='bbox 1163 2871 1271 2942; x_wconf 79' lang='lat' dir='ltr'><strong>agam,</strong></span> 
     </span>
     <span class='ocr_line' id='line_1_25' title="bbox 213 2929 1117 3020; baseline 0.027 -25"><span class='ocrx_word' id='word_1_182' title='bbox 213 2929 243 2996; x_wconf 89' lang='lat' dir='ltr'><strong>si</strong></span> <span class='ocrx_word' id='word_1_183' title='bbox 263 2930 488 3000; x_wconf 89' lang='lat' dir='ltr'><strong>Philochorom</strong></span> <span class='ocrx_word' id='word_1_184' title='bbox 509 2935 674 3003; x_wconf 89' lang='lat' dir='ltr'><strong>Plutarchi</strong></span> <span class='ocrx_word' id='word_1_185' title='bbox 696 2947 858 3008; x_wconf 86' lang='lat' dir='ltr'><strong>auctorem</strong></span> <span class='ocrx_word' id='word_1_186' title='bbox 880 2943 979 3013; x_wconf 84' lang='lat' dir='ltr'><strong>fuisse</strong></span> <span class='ocrx_word' id='word_1_187' title='bbox 1001 2955 1117 3020; x_wconf 88' lang='lat' dir='ltr'><strong>statuo.</strong></span> 
     </span>
    </p>

    <p class='ocr_par' dir='ltr' id='par_1_3' title="bbox 214 3033 1271 3353">
     <span class='ocr_line' id='line_1_26' title="bbox 279 3033 1271 3136; baseline 0.036 -39"><span class='ocrx_word' id='word_1_188' title='bbox 279 3033 372 3098; x_wconf 90' lang='lat' dir='ltr'><strong>Haec</strong></span> <span class='ocrx_word' id='word_1_189' title='bbox 392 3042 467 3101; x_wconf 90' lang='lat' dir='ltr'><strong>sunt</strong></span> <span class='ocrx_word' id='word_1_190' title='bbox 489 3057 572 3121; x_wconf 93' lang='lat' dir='ltr'><strong>quae</strong></span> <span class='ocrx_word' id='word_1_191' title='bbox 595 3037 635 3104; x_wconf 91' lang='lat' dir='ltr'><strong>de</strong></span> <span class='ocrx_word' id='word_1_192' title='bbox 657 3060 715 3106; x_wconf 86' lang='lat' dir='ltr'><strong>sex</strong></span> <span class='ocrx_word' id='word_1_193' title='bbox 737 3044 877 3129; x_wconf 90' lang='lat' dir='ltr'><strong>priorum</strong></span> <span class='ocrx_word' id='word_1_194' title='bbox 893 3050 1034 3136; x_wconf 89' lang='lat' dir='ltr'><strong>capitum</strong></span> <span class='ocrx_word' id='word_1_195' title='bbox 1052 3055 1193 3129; x_wconf 87' lang='lat' dir='ltr'><strong>fontibus</strong></span> <span class='ocrx_word' id='word_1_196' title='bbox 1212 3064 1271 3132; x_wconf 89' lang='lat' dir='ltr'><strong>ali·</strong></span> 
     </span>
     <span class='ocr_line' id='line_1_27' title="bbox 215 3134 1270 3253; baseline 0.038 -55"><span class='ocrx_word' id='word_1_197' title='bbox 215 3152 278 3218; x_wconf 90' lang='lat' dir='ltr'><strong>quo</strong></span> <span class='ocrx_word' id='word_1_198' title='bbox 300 3134 395 3203; x_wconf 87' lang='lat' dir='ltr'><strong>modo</strong></span> <span class='ocrx_word' id='word_1_199' title='bbox 414 3141 512 3207; x_wconf 90' lang='lat' dir='ltr'><strong>statui</strong></span> <span class='ocrx_word' id='word_1_200' title='bbox 525 3161 621 3228; x_wconf 92' lang='lat' dir='ltr'><strong>posse</strong></span> <span class='ocrx_word' id='word_1_201' title='bbox 633 3143 712 3211; x_wconf 92' lang='lat' dir='ltr'><strong>mihi</strong></span> <span class='ocrx_word' id='word_1_202' title='bbox 726 3147 798 3214; x_wconf 85' lang='lat' dir='ltr'><strong>visa</strong></span> <span class='ocrx_word' id='word_1_203' title='bbox 819 3157 911 3237; x_wconf 70' lang='lat' dir='ltr'><strong>sunt,</strong></span> <span class='ocrx_word' id='word_1_204' title='bbox 934 3154 1115 3229; x_wconf 91' lang='lat' dir='ltr'><strong>undeenim</strong></span> <span class='ocrx_word' id='word_1_205' title='bbox 1127 3167 1270 3253; x_wconf 89' lang='lat' dir='ltr'><strong>reliquae</strong></span> 
     </span>
     <span class='ocr_line' id='line_1_28' title="bbox 214 3239 1270 3353; baseline 0.038 -49"><span class='ocrx_word' id='word_1_206' title='bbox 214 3239 249 3305; x_wconf 94' lang='lat' dir='ltr'><strong>in</strong></span> <span class='ocrx_word' id='word_1_207' title='bbox 281 3239 328 3306; x_wconf 92' lang='lat' dir='ltr'><strong>eis</strong></span> <span class='ocrx_word' id='word_1_208' title='bbox 362 3252 536 3328; x_wconf 80' lang='lat' dir='ltr'><strong>congestae</strong></span> <span class='ocrx_word' id='word_1_209' title='bbox 569 3250 828 3322; x_wconf 87' lang='lat' dir='ltr'><strong>narratiunculae</strong></span> <span class='ocrx_word' id='word_1_210' title='bbox 865 3256 1024 3350; x_wconf 84' lang='lat' dir='ltr'><strong>fluxerint,</strong></span> <span class='ocrx_word' id='word_1_211' title='bbox 1047 3286 1150 3353; x_wconf 90' lang='lat' dir='ltr'><strong>neque</strong></span> <span class='ocrx_word' id='word_1_212' title='bbox 1184 3281 1270 3344; x_wconf 86' lang='lat' dir='ltr'><strong>certo</strong></span> 
     </span>
    </p>
   </div>
   <div class='ocr_carea' id='block_1_3' title="bbox 213 3343 1270 3466">
    <p class='ocr_par' dir='ltr' id='par_1_4' title="bbox 213 3343 1270 3466">
     <span class='ocr_line' id='line_1_29' title="bbox 213 3343 1270 3466; baseline 0.035 -55"><span class='ocrx_word' id='word_1_213' title='bbox 213 3343 368 3416; x_wconf 87' lang='lat' dir='ltr'><strong>affirmari</strong></span> <span class='ocrx_word' id='word_1_214' title='bbox 390 3355 496 3436; x_wconf 89' lang='lat' dir='ltr'><strong>potest</strong></span> <span class='ocrx_word' id='word_1_215' title='bbox 517 3374 622 3441; x_wconf 90' lang='lat' dir='ltr'><strong>neque</strong></span> <span class='ocrx_word' id='word_1_216' title='bbox 644 3361 756 3444; x_wconf 81' lang='lat' dir='ltr'><strong>magni</strong></span> <span class='ocrx_word' id='word_1_217' title='bbox 777 3361 907 3447; x_wconf 89' lang='lat' dir='ltr'><strong>quidem</strong></span> <span class='ocrx_word' id='word_1_218' title='bbox 928 3373 1080 3438; x_wconf 90' lang='lat' dir='ltr'><strong>momenti</strong></span> <span class='ocrx_word' id='word_1_219' title='bbox 1102 3383 1166 3466; x_wconf 91' lang='lat' dir='ltr'><strong>est,</strong></span> <span class='ocrx_word' id='word_1_220' title='bbox 1198 3399 1270 3449; x_wconf 92' lang='lat' dir='ltr'><strong>cnm</strong></span> 
     </span>
    </p>
   </div>
   <div class='ocr_carea' id='block_1_4' title="bbox 209 3579 1279 3949">
    <p class='ocr_par' dir='ltr' id='par_1_5' title="bbox 286 3579 1279 3688">
     <span class='ocr_line' id='line_1_30' title="bbox 286 3579 1279 3688; baseline 0.037 -50"><span class='ocrx_word' id='word_1_221' title='bbox 286 3579 313 3656; x_wconf 88' lang='lat'><strong>1)</strong></span> <span class='ocrx_word' id='word_1_222' title='bbox 332 3581 362 3640; x_wconf 78' lang='grc'><strong>0.</strong></span> <span class='ocrx_word' id='word_1_223' title='bbox 382 3582 549 3646; x_wconf 81' lang='lat' dir='ltr'><strong>Sintenis</strong></span> <span class='ocrx_word' id='word_1_224' title='bbox 567 3589 598 3648; x_wconf 92' lang='lat' dir='ltr'><strong>in</strong></span> <span class='ocrx_word' id='word_1_225' title='bbox 608 3591 683 3653; x_wconf 89' lang='lat' dir='ltr'><strong>Plut.</strong></span> <span class='ocrx_word' id='word_1_226' title='bbox 695 3593 792 3657; x_wconf 74' lang='lat' dir='ltr'><strong>Them</strong></span> <span class='ocrx_word' id='word_1_227' title='bbox 812 3599 936 3662; x_wconf 84' lang='lat' dir='ltr'><strong>editione</strong></span> <span class='ocrx_word' id='word_1_228' title='bbox 956 3605 1279 3688; x_wconf 72' lang='lat' dir='ltr'><strong>(Lipsiae1satlp.41&#39;.-</strong></span> 
     </span>
    </p>

    <p class='ocr_par' dir='ltr' id='par_1_6' title="bbox 283 3675 997 3764">
     <span class='ocr_line' id='line_1_31' title="bbox 283 3675 997 3764; baseline 0.036 -35"><span class='ocrx_word' id='word_1_229' title='bbox 283 3675 312 3746; x_wconf 83' lang='lat'><strong>2)</strong></span> <span class='ocrx_word' id='word_1_230' title='bbox 331 3677 479 3747; x_wconf 83' lang='lat' dir='ltr'><strong>Aristides,</strong></span> <span class='ocrx_word' id='word_1_231' title='bbox 498 3679 565 3754; x_wconf 72' lang='lat' dir='ltr'><strong>incip</strong></span> <span class='ocrx_word' id='word_1_232' title='bbox 583 3686 635 3740; x_wconf 73' lang='lat' dir='ltr'><strong>ruia</strong></span> <span class='ocrx_word' id='word_1_233' title='bbox 652 3691 779 3762; x_wconf 74' lang='grc' dir='ltr'><strong>τεττάρων</strong></span> <span class='ocrx_word' id='word_1_234' title='bbox 796 3711 825 3764; x_wconf 92' lang='lat' dir='ltr'><strong>p.</strong></span> <span class='ocrx_word' id='word_1_235' title='bbox 845 3695 895 3751; x_wconf 85' lang='lat'><strong>185</strong></span> <span class='ocrx_word' id='word_1_236' title='bbox 914 3697 997 3754; x_wconf 87' lang='lat' dir='ltr'><strong>Jebb.</strong></span> 
     </span>
    </p>

    <p class='ocr_par' dir='ltr' id='par_1_7' title="bbox 209 3765 1267 3949">
     <span class='ocr_line' id='line_1_32' title="bbox 283 3765 1267 3868; baseline 0.041 -49"><span class='ocrx_word' id='word_1_237' title='bbox 283 3765 312 3838; x_wconf 84' lang='grc'><strong>3)</strong></span> <span class='ocrx_word' id='word_1_238' title='bbox 330 3765 459 3837; x_wconf 81' lang='lat' dir='ltr'><strong>Pinck,</strong></span> <span class='ocrx_word' id='word_1_239' title='bbox 483 3771 518 3829; x_wconf 91' lang='lat' dir='ltr'><strong>de</strong></span> <span class='ocrx_word' id='word_1_240' title='bbox 537 3775 735 3836; x_wconf 83' lang='lat' dir='ltr'><strong>Themistoclis</strong></span> <span class='ocrx_word' id='word_1_241' title='bbox 752 3783 867 3841; x_wconf 89' lang='lat' dir='ltr'><strong>Neoclis</strong></span> <span class='ocrx_word' id='word_1_242' title='bbox 892 3787 945 3844; x_wconf 91' lang='lat' dir='ltr'><strong>filii</strong></span> <span class='ocrx_word' id='word_1_243' title='bbox 963 3791 1144 3852; x_wconf 82' lang='lat' dir='ltr'><strong>Atheniensis</strong></span> <span class='ocrx_word' id='word_1_244' title='bbox 1162 3799 1267 3868; x_wconf 70' lang='lat' dir='ltr'><strong>aetate,</strong></span> 
     </span>
     <span class='ocr_line' id='line_1_33' title="bbox 209 3851 1260 3949; baseline 0.036 -40"><span class='ocrx_word' id='word_1_245' title='bbox 209 3851 286 3922; x_wconf 78' lang='lat' dir='ltr'><strong>nita,</strong></span> <span class='ocrx_word' id='word_1_246' title='bbox 305 3853 437 3928; x_wconf 78' lang='lat' dir='ltr'><strong>ingenio,</strong></span> <span class='ocrx_word' id='word_1_247' title='bbox 456 3863 597 3934; x_wconf 86' lang='lat' dir='ltr'><strong>rebusque</strong></span> <span class='ocrx_word' id='word_1_248' title='bbox 615 3869 713 3938; x_wconf 77' lang='lat' dir='ltr'><strong>gestis.</strong></span> <span class='ocrx_word' id='word_1_249' title='bbox 750 3872 822 3929; x_wconf 80' lang='lat' dir='ltr'><strong>Dias.</strong></span> <span class='ocrx_word' id='word_1_250' title='bbox 840 3873 937 3949; x_wconf 78' lang='lat' dir='ltr'><strong>inaug.</strong></span> <span class='ocrx_word' id='word_1_251' title='bbox 956 3879 1034 3937; x_wconf 77' lang='lat' dir='ltr'><strong>uolt.</strong></span> <span class='ocrx_word' id='word_1_252' title='bbox 1055 3884 1133 3942; x_wconf 79' lang='grc'><strong>1819.</strong></span> <span class='ocrx_word' id='word_1_253' title='bbox 1256 3906 1260 3928; x_wconf 58' lang='lat'>1</span> 
     </span>
    </p>
   </div>
   <div class='ocr_carea' id='block_1_5' title="bbox 281 3945 1275 4113">
    <p class='ocr_par' dir='ltr' id='par_1_8' title="bbox 281 3945 1275 4113">
     <span class='ocr_line' id='line_1_34' title="bbox 281 3945 1275 4049; baseline 0.039 -52"><span class='ocrx_word' id='word_1_254' title='bbox 281 3945 311 4015; x_wconf 83' lang='grc'><strong>4)</strong></span> <span class='ocrx_word' id='word_1_255' title='bbox 331 3945 478 4017; x_wconf 82' lang='lat' dir='ltr'><strong>Pricke,</strong></span> <span class='ocrx_word' id='word_1_256' title='bbox 497 3951 516 4006; x_wconf 93' lang='lat' dir='ltr'><strong>l.</strong></span> <span class='ocrx_word' id='word_1_257' title='bbox 530 3952 549 4008; x_wconf 93' lang='lat' dir='ltr'><strong>l.</strong></span> <span class='ocrx_word' id='word_1_258' title='bbox 559 3972 587 4025; x_wconf 88' lang='lat' dir='ltr'><strong>p.</strong></span> <span class='ocrx_word' id='word_1_259' title='bbox 598 3956 645 4024; x_wconf 83' lang='lat'><strong>22,</strong></span> <span class='ocrx_word' id='word_1_260' title='bbox 665 3957 812 4018; x_wconf 84' lang='lat' dir='ltr'><strong>Gilbert</strong></span> <span class='ocrx_word' id='word_1_261' title='bbox 829 3964 860 4021; x_wconf 94' lang='lat' dir='ltr'><strong>in</strong></span> <span class='ocrx_word' id='word_1_262' title='bbox 878 3966 1108 4037; x_wconf 89' lang='lat' dir='ltr'><strong>philol.XXXIII</strong></span> <span class='ocrx_word' id='word_1_263' title='bbox 1126 3977 1275 4049; x_wconf 70' lang='lat' dir='ltr'><strong>p.46sqq·.⁴</strong></span> 
     </span>
     <span class='ocr_line' id='line_1_35' title="bbox 282 4035 1123 4113; baseline 0.038 -23"><span class='ocrx_word' id='word_1_264' title='bbox 282 4035 310 4106; x_wconf 82' lang='grc'><strong>5)</strong></span> <span class='ocrx_word' id='word_1_265' title='bbox 329 4035 379 4093; x_wconf 86' lang='lat' dir='ltr'><strong>cfr.</strong></span> <span class='ocrx_word' id='word_1_266' title='bbox 397 4057 425 4110; x_wconf 92' lang='lat' dir='ltr'><strong>p.</strong></span> <span class='ocrx_word' id='word_1_267' title='bbox 570 4045 655 4103; x_wconf 91' lang='lat' dir='ltr'><strong>huius</strong></span> <span class='ocrx_word' id='word_1_268' title='bbox 673 4049 890 4113; x_wconf 88' lang='lat' dir='ltr'><strong>dissertationis.</strong></span> <span class='ocrx_word' id='word_1_269' title='bbox 1122 4063 1123 4068; x_wconf 60' lang='lat'>&#39;</span> 
     </span>
    </p>
   </div>
   <div class='ocr_carea' id='block_1_6' title="bbox 208 4125 1267 4292">
    <p class='ocr_par' dir='ltr' id='par_1_9' title="bbox 208 4125 1267 4292">
     <span class='ocr_line' id='line_1_36' title="bbox 282 4125 1267 4220; baseline 0.044 -41"><span class='ocrx_word' id='word_1_270' title='bbox 282 4125 311 4196; x_wconf 84' lang='lat' dir='ltr'><strong>c)</strong></span> <span class='ocrx_word' id='word_1_271' title='bbox 330 4127 487 4200; x_wconf 72' lang='lat' dir='ltr'><strong>coecas,</strong></span> <span class='ocrx_word' id='word_1_272' title='bbox 514 4135 584 4192; x_wconf 72' lang='lat' dir='ltr'><strong>noer</strong></span> <span class='ocrx_word' id='word_1_273' title='bbox 607 4136 662 4194; x_wconf 77' lang='lat' dir='ltr'><strong>ren</strong></span> <span class='ocrx_word' id='word_1_274' title='bbox 697 4141 769 4198; x_wconf 73' lang='lat' dir='ltr'><strong>eran</strong></span> <span class='ocrx_word' id='word_1_275' title='bbox 794 4145 845 4202; x_wconf 70' lang='lat' dir='ltr'><strong>aa</strong></span> <span class='ocrx_word' id='word_1_276' title='bbox 868 4148 966 4207; x_wconf 75' lang='lat' dir='ltr'><strong>suess</strong></span> <span class='ocrx_word' id='word_1_277' title='bbox 998 4152 1046 4212; x_wconf 73' lang='lat' dir='ltr'><strong>ces</strong></span> <span class='ocrx_word' id='word_1_278' title='bbox 1072 4142 1267 4220; x_wconf 71' lang='lat' dir='ltr'><strong>sacrosacrae</strong></span> 
     </span>
     <span class='ocr_line' id='line_1_37' title="bbox 208 4211 1169 4292; baseline 0.04 -26"><span class='ocrx_word' id='word_1_279' title='bbox 208 4211 283 4269; x_wconf 84' lang='lat' dir='ltr'><strong>Abh.</strong></span> <span class='ocrx_word' id='word_1_280' title='bbox 301 4211 328 4269; x_wconf 87' lang='lat' dir='ltr'><strong>d.</strong></span> <span class='ocrx_word' id='word_1_281' title='bbox 347 4216 412 4288; x_wconf 84' lang='lat' dir='ltr'><strong>Kgl.</strong></span> <span class='ocrx_word' id='word_1_282' title='bbox 431 4219 486 4278; x_wconf 85' lang='lat' dir='ltr'><strong>Alr.</strong></span> <span class='ocrx_word' id='word_1_283' title='bbox 505 4222 533 4280; x_wconf 89' lang='lat' dir='ltr'><strong>d.</strong></span> <span class='ocrx_word' id='word_1_284' title='bbox 551 4225 597 4282; x_wconf 90' lang='lat' dir='ltr'><strong>W.</strong></span> <span class='ocrx_word' id='word_1_285' title='bbox 616 4245 651 4283; x_wconf 87' lang='lat' dir='ltr'><strong>zu</strong></span> <span class='ocrx_word' id='word_1_286' title='bbox 670 4228 767 4286; x_wconf 88' lang='lat' dir='ltr'><strong>Berlin</strong></span> <span class='ocrx_word' id='word_1_287' title='bbox 789 4235 868 4292; x_wconf 83' lang='grc'><strong>1882.</strong></span> <span class='ocrx_word' id='word_1_288' title='bbox 1168 4271 1169 4274; x_wconf 56' lang='grc'>’</span> 
     </span>
    </p>
   </div>
   <div class='ocr_carea' id='block_1_7' title="bbox 279 4305 836 4392">
    <p class='ocr_par' dir='ltr' id='par_1_10' title="bbox 279 4305 836 4392">
     <span class='ocr_line' id='line_1_38' title="bbox 279 4305 836 4392; baseline 0.045 -33"><span class='ocrx_word' id='word_1_289' title='bbox 279 4305 307 4378; x_wconf 81' lang='lat' dir='ltr'><strong>c)</strong></span> <span class='ocrx_word' id='word_1_290' title='bbox 325 4305 470 4382; x_wconf 69' lang='lat' dir='ltr'><strong>murras,</strong></span> <span class='ocrx_word' id='word_1_291' title='bbox 489 4312 508 4369; x_wconf 89' lang='lat' dir='ltr'><strong>r.</strong></span> <span class='ocrx_word' id='word_1_292' title='bbox 524 4315 552 4372; x_wconf 81' lang='lat' dir='ltr'><strong>n.</strong></span> <span class='ocrx_word' id='word_1_293' title='bbox 572 4316 605 4373; x_wconf 87' lang='lat' dir='ltr'><strong>c.</strong></span> <span class='ocrx_word' id='word_1_294' title='bbox 623 4318 638 4374; x_wconf 93' lang='lat'>1</span> <span class='ocrx_word' id='word_1_295' title='bbox 653 4339 683 4392; x_wconf 73' lang='lat' dir='ltr'><strong>p.</strong></span> <span class='ocrx_word' id='word_1_296' title='bbox 700 4321 836 4384; x_wconf 76' lang='lat' dir='ltr'><strong>cxxxv.</strong></span> 
     </span>
    </p>
   </div>
   <div class='ocr_carea' id='block_1_8' title="bbox 0 0 1482 4772">
    <p class='ocr_par' dir='ltr' id='par_1_11' title="bbox 0 0 1482 4772">
     <span class='ocr_line' id='line_1_39' title="bbox 0 0 1482 4772; baseline 0 1"><span class='ocrx_word' id='word_1_297' title='bbox 0 0 1482 4772; x_wconf 95' lang='lat' dir='ltr'><strong> </strong></span> 
     </span>
    </p>
   </div>
  </div>
 </body>
</html>
