2954 4772
744 298 786 366 16

235 487 442 556 quaecunque
464 471 511 538 eis
534 471 738 559 proferuntur
758 471 802 539 ad
824 471 1049 540 Themistoclis
1064 471 1165 543 vitam
1181 473 1293 563 priva·

234 581 300 643 tam
323 584 355 644 et
375 576 572 645 iuventutem
594 585 757 665 spectent,
788 576 832 644 ad
860 578 1027 646 historiam
1061 600 1138 648 vero
1158 581 1290 649 minime

235 683 424 769 pertineant.
483 685 623 751 'Prorsus
653 684 747 751 aliter
779 690 886 751 autem
919 692 1105 771 comparata
1132 693 1208 756 sunt
1239 708 1292 754 oa·

235 787 305 874 pita
327 807 411 873 qnae
445 795 621 873 sequuntur
649 789 724 857 inde
754 811 775 856 a
804 789 881 875 VII,
918 789 952 855 in
982 809 1116 875 quorum
1148 791 1292 860 fontibus

235 893 385 961 eruendis
418 895 517 962 multo
547 895 731 965 melioribus
762 896 891 962 nitimur
922 902 953 962 et
975 897 1163 966 certioribus
1196 919 1292 985 argn-

235 1000 366 1087 mentis,
388 1001 464 1084 quia
485 1001 604 1086 ubique
626 1000 694 1070 fere
716 1003 791 1068 licet
815 1001 850 1068 in
873 1002 1143 1089 comparationem
1173 1025 1292 1072 vocare

234 1104 441 1192 Herodotum,
453 1105 684 1193 Thucydidem,
700 1106 885 1192 Diodorum,
895 1107 1062 1195 Iustinum,
1072 1109 1291 1196 Nepotem.-

234 1213 339 1298 Atque
369 1217 404 1279 ut
434 1213 570 1299 primum
606 1212 734 1298 quidem
765 1212 932 1280 videamus
963 1212 1003 1282 de
1033 1235 1103 1301 cap.
1124 1215 1290 1304 VII—IX,

233 1318 424 1385 Plutarchus
445 1325 572 1404 narrat,
602 1319 849 1386 Themistoclem
878 1319 921 1386 ab
944 1320 1195 1390 Atheniensibus
1217 1343 1289 1390 curn

234 1445 353 1510 magno
386 1425 527 1492 exercitu
561 1423 603 1490 ad
633 1426 754 1511 Tempe
784 1445 841 1512 pro
874 1425 1045 1493 Thessalia
1072 1435 1290 1514 propugnatu-

233 1551 304 1597 rum
325 1530 473 1617 missum,
496 1528 553 1598 sed
574 1550 610 1597 re
631 1529 752 1597 infacta
774 1529 879 1597 redire
902 1537 1047 1598 coactum
1070 1552 1158 1618 1111,
1179 1533 1287 1618 itaque

236 1636 361 1703 civibus
381 1636 447 1704 suis
468 1635 678 1723 persuasisse,
698 1642 734 1703 ut
756 1656 791 1703 se
804 1656 877 1702 cum
899 1636 1002 1703 classe
1025 1636 1069 1703 ad
1083 1638 1289 1706 Artemisium

234 1742 395 1810 mitterent
418 1742 472 1827 qui
491 1740 602 1810 fauces
624 1741 814 1827 custodiret,
837 1741 884 1808 ibi
906 1763 983 1809 vero
1006 1743 1144 1810 eundem
1165 1745 1289 1830 patien-

234 1848 281 1915 tia
302 1868 361 1914 sua
384 1853 415 1915 11
436 1847 607 1935 prudentia
629 1847 861 1914 dissensionem
881 1846 967 1914 inter
980 1848 1121 1916 Graecos
1143 1850 1288 1935 solvisse,

234 1972 306 2020 cum
329 1973 389 2021 sua
402 1960 515 2040 sponte
531 1953 721 2039 Eurybiadi,
742 1952 1070 2021 Lacedaemoniomm
1084 1952 1166 2036 duci,
1187 1953 1286 2020 totius

233 2060 346 2127 classis
378 2060 547 2146 imperium
576 2059 795 2126 concessisset.
845 2061 895 2126 De
924 2060 1004 2148 ipsis
1032 2064 1139 2126 autem
1167 2059 1286 2146 pugnis

233 2161 423 2230 Plutarchus
445 2163 526 2229 nihil
548 2163 662 2251 habet,
691 2164 756 2230 nisi
786 2163 872 2249 quod
904 2164 938 2231 in
970 2165 1076 2252 capite
1098 2165 1178 2231 VIII
1199 2163 1288 2251 dicit,

233 2268 366 2336 adrem
388 2266 622 2335 decernendam
644 2289 709 2334 non
731 2269 863 2334 multum
883 2268 958 2335 illas
986 2268 1116 2353 quidem
1137 2268 1289 2352 valuisse,

233 2370 291 2440 sed
313 2372 353 2439 ob
376 2391 449 2438 eam
471 2392 602 2440 causam
624 2372 757 2439 maximi
778 2373 930 2440 momenti
952 2371 1062 2459 fuisse,
1084 2372 1170 2457 qnod
1188 2373 1289 2440 (irae-

233 2498 287 2546 cos
310 2477 509 2564 docuissent,
532 2478 610 2546 viris
633 2477 768 2545 fortibus
791 2485 823 2545 et
844 2479 969 2565 patriae
999 2479 1182 2546 amantibus
1207 2477 1290 2545 nihil

232 2584 364 2652 iniicere
385 2583 514 2650 11111111
536 2583 745 2650 barbarorum
766 2603 908 2669 paeones
931 2589 987 2649 ant
1009 2583 1164 2650 clamores
1186 2583 1288 2649 mina·

179 2705 183 2714 ·
233 2709 303 2777 111,
324 2687 444 2755 andere
466 2688 552 2755 enim
574 2689 677 2755 solum
698 2688 853 2755 victoriae
876 2708 948 2756 esse
970 2686 1222 2756 fundamentum.

297 2794 403 2878 Atque
430 2791 592 2859 Diodorus
624 2792 750 2859 Siculus
773 2791 919 2878 quidem,
953 2790 993 2857 de
1022 2791 1113 2858 euius
1144 2791 1288 2860 tontibus

232 2899 368 2987 primum
398 2899 543 2984 quaestio
574 2906 622 2966 est
644 2899 858 2984 instituenda,
894 2899 954 2966 has
987 2918 1039 2966 res
1069 2898 1104 2964 in
1133 2897 1214 2964 libro
1236 2898 1286 2964 XI

230 3027 301 3092 cap.
324 3005 434 3072 2—14
463 3005 643 3092 exposuit,
659 3026 752 3091 quem
776 3005 904 3091 quidem
926 3025 991 3073 non
1011 3002 1208 3071 Herodotum
1229 3003 1289 3071 sed

232 3111 396 3198 Ephorum
428 3117 573 3179 secutum
606 3133 693 3199 esse,
731 3113 765 3180 in
797 3112 981 3180 universum
1013 3109 1288 3195 Volquardsenins

233 3217 333 3306 (de
354 3217 432 3306 seq.)
455 3218 594 3304 monnit3
619 3224 751 3287 atvero
774 3218 868 3286 certis
891 3217 1090 3302 argumentis
1114 3217 1195 3284 haec
1217 3236 1287 3283 111·
1332 3219 1333 3224 ’

232 3323 334 3391 111111
363 3323 581 3410 confirmetur,
613 3324 766 3410 optimum
795 3323 937 3409 videtur,
978 3322 1114 3408 singulis
1154 3320 1287 3388 Diodori

233 3427 393 3514 capitibus
419 3447 491 3494 cam
521 3427 712 3495 Herodoteis
737 3429 938 3515 comparatis,
971 3426 1049 3513 quid
1070 3426 1195 3512 utrique
1215 3444 1286 3512 pro·

229 3534 337 3622 prium
366 3532 408 3600 111
445 3538 476 3601 11
510 3532 625 3628 quibus
662 3533 854 3602 dissentiant
884 3533 1065 3600 accuratius
1099 3538 1220 3600 notare.
1242 3565 1287 3580 ·-

231 3639 346 3724 Itaque
377 3658 459 3723 quae
483 3636 644 3705 Diodorus
667 3639 744 3723 2,h
774 3639 867 3726 dicit,
903 3639 1045 3705 Graecos
1066 3638 1233 3704 Euaeneto
1255 3641 1288 3703 et

228 3743 445 3812 Themistocle
468 3742 603 3810 ducibus
627 3744 737 3812 decem
759 3746 849 3813 milia
877 3751 1072 3812 armatorum
1093 3743 1128 3808 in
1148 3742 1287 3809 Thessa·

229 3848 307 3917 liam
329 3850 464 3937 misisse,
486 3849 541 3935 qui
562 3851 671 3936 paullo
692 3857 766 3937 post
786 3871 821 3918 re
836 3851 957 3919 infecta
973 3849 1188 3933 revertissent,
1210 3846 1288 3912 item

227 3956 410 4024 Herodotos
433 3956 518 4044 (VII,
532 3955 609 4045 173)
631 3958 803 4024 memoriae
824 3956 975 4034 tradidit,
1000 3953 1155 4022 nonnulla
1177 3959 1287 4020 tamen

225 4082 359 4156 prorsus
380 4062 473 4129 aliter
507 4081 528 4128 a
550 4060 658 4130 Siculo
692 4069 863 4130 narrantur
892 4068 988 4148 atque
1014 4062 1057 4128 ab
1080 4060 1288 4126 Halicarnas-

228 4168 324 4238 sensi.
368 4168 472 4247 Quam
496 4165 582 4232 enim
601 4165 719 4235 Herod.
741 4169 836 4236 affert
865 4187 995 4234 causam
1018 4165 1135 4251 luisse,
1169 4169 1204 4230 111
1233 4161 1289 4231 do·

232 4294 319 4344 mum
339 4271 479 4359 regressi
499 4270 565 4340 sint
587 4271 712 4362 Graeci,
735 4272 829 4344 Diod.
841 4293 906 4343 non
918 4271 1033 4360 tangit,
1054 4267 1290 4357 nequeHerod.
