<?xml version="1.0" encoding="UTF-8"?>
<!DOCTYPE html PUBLIC "-//W3C//DTD XHTML 1.0 Transitional//EN"
    "http://www.w3.org/TR/xhtml1/DTD/xhtml1-transitional.dtd">
<html xmlns="http://www.w3.org/1999/xhtml" xml:lang="en" lang="en">
 <head>
  <title>
</title>
<meta http-equiv="Content-Type" content="text/html;charset=utf-8" />
  <meta name='ocr-system' content='tesseract 3.04.00' />
  <meta name='ocr-capabilities' content='ocr_page ocr_carea ocr_par ocr_line ocrx_word'/>
</head>
<body>
  <div class='ocr_page' id='page_1' title='image "./dethemistoclisp00albrgoog_0042.png"; bbox 0 0 2954 4772; ppageno 0'>
   <div class='ocr_carea' id='block_1_1' title="bbox 708 352 753 424">
    <p class='ocr_par' dir='ltr' id='par_1_1' title="bbox 708 352 753 424">
     <span class='ocr_line' id='line_1_1' title="bbox 708 352 753 424; baseline 0 0"><span class='ocrx_word' id='word_1_1' title='bbox 708 352 753 424; x_wconf 73' lang='lat' dir='ltr'>dl</span> 
     </span>
    </p>
   </div>
   <div class='ocr_carea' id='block_1_2' title="bbox 200 530 1354 4211">
    <p class='ocr_par' dir='ltr' id='par_1_2' title="bbox 200 530 1354 1888">
     <span class='ocr_line' id='line_1_2' title="bbox 200 530 1271 620; baseline -0.007 -17"><span class='ocrx_word' id='word_1_2' title='bbox 200 531 355 620; x_wconf 88' lang='lat' dir='ltr'>estquod</span> <span class='ocrx_word' id='word_1_3' title='bbox 376 533 468 619; x_wconf 83' lang='lat' dir='ltr'>cll,</span> <span class='ocrx_word' id='word_1_4' title='bbox 490 533 511 599; x_wconf 87' lang='lat'>3</span> <span class='ocrx_word' id='word_1_5' title='bbox 534 537 570 598; x_wconf 84' lang='lat' dir='ltr'>ut</span> <span class='ocrx_word' id='word_1_6' title='bbox 592 552 690 618; x_wconf 90' lang='lat' dir='ltr'>supra</span> <span class='ocrx_word' id='word_1_7' title='bbox 711 531 868 599; x_wconf 90' lang='lat' dir='ltr'>monitum</span> <span class='ocrx_word' id='word_1_8' title='bbox 894 536 943 600; x_wconf 88' lang='lat' dir='ltr'>est</span> <span class='ocrx_word' id='word_1_9' title='bbox 976 530 1119 619; x_wconf 88' lang='lat' dir='ltr'>scripsit,</span> <span class='ocrx_word' id='word_1_10' title='bbox 1142 531 1271 600; x_wconf 63' lang='lat' dir='ltr'>louumr</span> 
     </span>
     <span class='ocr_line' id='line_1_3' title="bbox 203 629 1272 726; baseline -0.007 -18"><span class='ocrx_word' id='word_1_11' title='bbox 203 641 300 709; x_wconf 89' lang='lat' dir='ltr'>duces</span> <span class='ocrx_word' id='word_1_12' title='bbox 322 639 365 708; x_wconf 88' lang='lat' dir='ltr'>ad</span> <span class='ocrx_word' id='word_1_13' title='bbox 387 639 528 708; x_wconf 81' lang='lat' dir='ltr'>Graecos</span> <span class='ocrx_word' id='word_1_14' title='bbox 551 629 685 708; x_wconf 88' lang='lat' dir='ltr'>nuntios</span> <span class='ocrx_word' id='word_1_15' title='bbox 702 639 840 726; x_wconf 79' lang='lat' dir='ltr'>misisse,</span> <span class='ocrx_word' id='word_1_16' title='bbox 861 637 916 724; x_wconf 89' lang='lat' dir='ltr'>qui</span> <span class='ocrx_word' id='word_1_17' title='bbox 938 657 993 706; x_wconf 89' lang='lat' dir='ltr'>eos</span> <span class='ocrx_word' id='word_1_18' title='bbox 1017 637 1058 706; x_wconf 90' lang='lat' dir='ltr'>de</span> <span class='ocrx_word' id='word_1_19' title='bbox 1079 639 1166 724; x_wconf 87' lang='lat' dir='ltr'>regis</span> <span class='ocrx_word' id='word_1_20' title='bbox 1188 629 1272 706; x_wconf 81' lang='lat' dir='ltr'>acie.</span> 
     </span>
     <span class='ocr_line' id='line_1_4' title="bbox 202 743 1268 830; baseline -0.002 -18"><span class='ocrx_word' id='word_1_21' title='bbox 202 752 234 812; x_wconf 86' lang='lat' dir='ltr'>et</span> <span class='ocrx_word' id='word_1_22' title='bbox 257 766 317 814; x_wconf 89' lang='lat' dir='ltr'>sua</span> <span class='ocrx_word' id='word_1_23' title='bbox 338 743 518 812; x_wconf 77' lang='lat' dir='ltr'>desectione</span> <span class='ocrx_word' id='word_1_24' title='bbox 551 743 637 810; x_wconf 90' lang='lat' dir='ltr'>inter</span> <span class='ocrx_word' id='word_1_25' title='bbox 659 744 870 830; x_wconf 90' lang='lat' dir='ltr'>pugnandum</span> <span class='ocrx_word' id='word_1_26' title='bbox 892 766 914 811; x_wconf 93' lang='lat' dir='ltr'>a</span> <span class='ocrx_word' id='word_1_27' title='bbox 936 744 1084 812; x_wconf 87' lang='lat' dir='ltr'>barbaris</span> <span class='ocrx_word' id='word_1_28' title='bbox 1106 743 1268 812; x_wconf 83' lang='lat' dir='ltr'>facienda·</span> 
     </span>
     <span class='ocr_line' id='line_1_5' title="bbox 202 848 1259 938; baseline -0.002 -19"><span class='ocrx_word' id='word_1_29' title='bbox 202 851 352 919; x_wconf 91' lang='lat' dir='ltr'>certiores</span> <span class='ocrx_word' id='word_1_30' title='bbox 373 850 561 938; x_wconf 79' lang='lat' dir='ltr'>redderent3</span> <span class='ocrx_word' id='word_1_31' title='bbox 590 848 706 916; x_wconf 91' lang='lat' dir='ltr'>deinde</span> <span class='ocrx_word' id='word_1_32' title='bbox 735 849 833 916; x_wconf 89' lang='lat' dir='ltr'>ctiam</span> <span class='ocrx_word' id='word_1_33' title='bbox 857 851 915 936; x_wconf 88' lang='lat'>18,</span> <span class='ocrx_word' id='word_1_34' title='bbox 940 851 957 916; x_wconf 93' lang='lat'>1</span> <span class='ocrx_word' id='word_1_35' title='bbox 993 849 1032 918; x_wconf 94' lang='lat' dir='ltr'>de</span> <span class='ocrx_word' id='word_1_36' title='bbox 1061 849 1259 934; x_wconf 89' lang='lat' dir='ltr'>ordineque</span> 
     </span>
     <span class='ocr_line' id='line_1_6' title="bbox 203 953 1264 1041; baseline -0.004 -17"><span class='ocrx_word' id='word_1_37' title='bbox 203 957 395 1024; x_wconf 79' lang='lat' dir='ltr'>Graecorum</span> <span class='ocrx_word' id='word_1_38' title='bbox 426 962 458 1022; x_wconf 87' lang='lat' dir='ltr'>et</span> <span class='ocrx_word' id='word_1_39' title='bbox 479 955 651 1021; x_wconf 77' lang='lat' dir='ltr'>Persarum</span> <span class='ocrx_word' id='word_1_40' title='bbox 674 973 774 1021; x_wconf 87' lang='lat' dir='ltr'>naves</span> <span class='ocrx_word' id='word_1_41' title='bbox 797 954 831 1022; x_wconf 95' lang='lat' dir='ltr'>in</span> <span class='ocrx_word' id='word_1_42' title='bbox 861 974 972 1040; x_wconf 88' lang='lat' dir='ltr'>pugna</span> <span class='ocrx_word' id='word_1_43' title='bbox 995 953 1170 1041; x_wconf 84' lang='lat' dir='ltr'>dispositae</span> <span class='ocrx_word' id='word_1_44' title='bbox 1187 953 1264 1022; x_wconf 77' lang='lat' dir='ltr'>fue·</span> 
     </span>
     <span class='ocr_line' id='line_1_7' title="bbox 201 1058 1269 1150; baseline -0.008 -20"><span class='ocrx_word' id='word_1_45' title='bbox 201 1062 281 1150; x_wconf 90' lang='lat' dir='ltr'>rint,</span> <span class='ocrx_word' id='word_1_46' title='bbox 315 1062 412 1147; x_wconf 92' lang='lat' dir='ltr'>longe</span> <span class='ocrx_word' id='word_1_47' title='bbox 434 1061 477 1128; x_wconf 88' lang='lat' dir='ltr'>ab</span> <span class='ocrx_word' id='word_1_48' title='bbox 499 1059 662 1128; x_wconf 86' lang='lat' dir='ltr'>Herodoto</span> <span class='ocrx_word' id='word_1_49' title='bbox 691 1058 820 1128; x_wconf 81' lang='lat' dir='ltr'>recedit.</span> <span class='ocrx_word' id='word_1_50' title='bbox 865 1061 952 1126; x_wconf 89' lang='lat' dir='ltr'>Dicit</span> <span class='ocrx_word' id='word_1_51' title='bbox 974 1061 1060 1128; x_wconf 90' lang='lat' dir='ltr'>enim</span> <span class='ocrx_word' id='word_1_52' title='bbox 1084 1060 1269 1142; x_wconf 81' lang='lat' dir='ltr'>Athenien-1</span> 
     </span>
     <span class='ocr_line' id='line_1_8' title="bbox 202 1157 1354 1252; baseline -0.001 -18"><span class='ocrx_word' id='word_1_53' title='bbox 202 1187 254 1234; x_wconf 90' lang='lat' dir='ltr'>ses</span> <span class='ocrx_word' id='word_1_54' title='bbox 284 1173 316 1234; x_wconf 85' lang='lat' dir='ltr'>ct</span> <span class='ocrx_word' id='word_1_55' title='bbox 337 1166 610 1234; x_wconf 89' lang='lat' dir='ltr'>Lacedaemonios</span> <span class='ocrx_word' id='word_1_56' title='bbox 648 1166 776 1234; x_wconf 85' lang='lat' dir='ltr'>laevum</span> <span class='ocrx_word' id='word_1_57' title='bbox 805 1186 903 1233; x_wconf 90' lang='lat' dir='ltr'>cornu</span> <span class='ocrx_word' id='word_1_58' title='bbox 932 1173 1044 1233; x_wconf 82' lang='lat' dir='ltr'>oontm</span> <span class='ocrx_word' id='word_1_59' title='bbox 1073 1165 1259 1252; x_wconf 77' lang='lat' dir='ltr'>Phoenices,</span> <span class='ocrx_word' id='word_1_60' title='bbox 1346 1157 1354 1164; x_wconf 70' lang='grc'><strong>’</strong></span> 
     </span>
     <span class='ocr_line' id='line_1_9' title="bbox 201 1272 1257 1358; baseline -0.003 -18"><span class='ocrx_word' id='word_1_61' title='bbox 201 1273 377 1358; x_wconf 79' lang='lat' dir='ltr'>Aeginetae</span> <span class='ocrx_word' id='word_1_62' title='bbox 407 1279 515 1340; x_wconf 90' lang='lat' dir='ltr'>autern</span> <span class='ocrx_word' id='word_1_63' title='bbox 549 1278 581 1339; x_wconf 94' lang='lat' dir='ltr'>et</span> <span class='ocrx_word' id='word_1_64' title='bbox 602 1273 809 1356; x_wconf 83' lang='lat' dir='ltr'>Megarenses</span> <span class='ocrx_word' id='word_1_65' title='bbox 840 1272 988 1338; x_wconf 86' lang='lat' dir='ltr'>dextrum</span> <span class='ocrx_word' id='word_1_66' title='bbox 1015 1292 1113 1340; x_wconf 91' lang='lat' dir='ltr'>cornu</span> <span class='ocrx_word' id='word_1_67' title='bbox 1146 1277 1257 1339; x_wconf 90' lang='lat' dir='ltr'>eontra</span> 
     </span>
     <span class='ocr_line' id='line_1_10' title="bbox 201 1376 1259 1467; baseline -0.002 -21"><span class='ocrx_word' id='word_1_68' title='bbox 201 1381 296 1447; x_wconf 91' lang='lat' dir='ltr'>Iones</span> <span class='ocrx_word' id='word_1_69' title='bbox 319 1399 499 1467; x_wconf 84' lang='lat' dir='ltr'>occupasse.</span> <span class='ocrx_word' id='word_1_70' title='bbox 542 1377 725 1445; x_wconf 89' lang='lat' dir='ltr'>Herodotus</span> <span class='ocrx_word' id='word_1_71' title='bbox 747 1399 823 1445; x_wconf 84' lang='lat' dir='ltr'>vero</span> <span class='ocrx_word' id='word_1_72' title='bbox 847 1376 949 1465; x_wconf 91' lang='lat' dir='ltr'>(VIII,</span> <span class='ocrx_word' id='word_1_73' title='bbox 973 1376 1029 1465; x_wconf 80' lang='lat'>85)</span> <span class='ocrx_word' id='word_1_74' title='bbox 1045 1377 1259 1444; x_wconf 87' lang='lat' dir='ltr'>Athenienses</span> 
     </span>
     <span class='ocr_line' id='line_1_11' title="bbox 202 1476 1271 1567; baseline -0.004 -17"><span class='ocrx_word' id='word_1_75' title='bbox 202 1490 234 1551; x_wconf 86' lang='lat' dir='ltr'>e&#39;t</span> <span class='ocrx_word' id='word_1_76' title='bbox 244 1484 518 1551; x_wconf 88' lang='lat' dir='ltr'>Lacedaemonios</span> <span class='ocrx_word' id='word_1_77' title='bbox 541 1482 677 1550; x_wconf 87' lang='lat' dir='ltr'>diversis</span> <span class='ocrx_word' id='word_1_78' title='bbox 700 1482 849 1548; x_wconf 91' lang='lat' dir='ltr'>cornibus</span> <span class='ocrx_word' id='word_1_79' title='bbox 861 1501 1034 1567; x_wconf 88' lang='lat' dir='ltr'>pugnasse,</span> <span class='ocrx_word' id='word_1_80' title='bbox 1055 1481 1129 1548; x_wconf 92' lang='lat' dir='ltr'>illos</span> <span class='ocrx_word' id='word_1_81' title='bbox 1145 1476 1271 1547; x_wconf 50' lang='lat' dir='ltr'>denuo*</span> 
     </span>
     <span class='ocr_line' id='line_1_12' title="bbox 204 1587 1258 1675; baseline -0.003 -18"><span class='ocrx_word' id='word_1_82' title='bbox 204 1596 314 1657; x_wconf 90' lang='lat' dir='ltr'>eontra</span> <span class='ocrx_word' id='word_1_83' title='bbox 343 1589 538 1675; x_wconf 84' lang='lat' dir='ltr'>Phoenices,</span> <span class='ocrx_word' id='word_1_84' title='bbox 568 1587 627 1654; x_wconf 91' lang='lat' dir='ltr'>hos</span> <span class='ocrx_word' id='word_1_85' title='bbox 665 1587 758 1654; x_wconf 85' lang='lat' dir='ltr'>laevo</span> <span class='ocrx_word' id='word_1_86' title='bbox 790 1591 901 1654; x_wconf 89' lang='lat' dir='ltr'>contra</span> <span class='ocrx_word' id='word_1_87' title='bbox 931 1587 1027 1654; x_wconf 91' lang='lat' dir='ltr'>Iones</span> <span class='ocrx_word' id='word_1_88' title='bbox 1058 1592 1169 1653; x_wconf 91' lang='lat' dir='ltr'>auctor</span> <span class='ocrx_word' id='word_1_89' title='bbox 1200 1593 1258 1655; x_wconf 90' lang='lat' dir='ltr'>est.</span> 
     </span>
     <span class='ocr_line' id='line_1_13' title="bbox 202 1692 1259 1780; baseline -0.001 -21"><span class='ocrx_word' id='word_1_90' title='bbox 202 1695 315 1778; x_wconf 89' lang='lat' dir='ltr'>Itaque</span> <span class='ocrx_word' id='word_1_91' title='bbox 337 1693 497 1762; x_wconf 90' lang='lat' dir='ltr'>Diodorus</span> <span class='ocrx_word' id='word_1_92' title='bbox 528 1699 560 1761; x_wconf 93' lang='lat' dir='ltr'>et</span> <span class='ocrx_word' id='word_1_93' title='bbox 581 1692 773 1760; x_wconf 86' lang='lat' dir='ltr'>Plutarchus</span> <span class='ocrx_word' id='word_1_94' title='bbox 802 1698 838 1758; x_wconf 92' lang='lat' dir='ltr'>ut</span> <span class='ocrx_word' id='word_1_95' title='bbox 866 1692 951 1759; x_wconf 92' lang='lat' dir='ltr'>inter</span> <span class='ocrx_word' id='word_1_96' title='bbox 972 1712 1008 1760; x_wconf 92' lang='lat' dir='ltr'>se</span> <span class='ocrx_word' id='word_1_97' title='bbox 1030 1711 1259 1780; x_wconf 75' lang='lat' dir='ltr'>prorsuscon</span> 
     </span>
     <span class='ocr_line' id='line_1_14' title="bbox 203 1787 1247 1888; baseline -0.003 -20"><span class='ocrx_word' id='word_1_98' title='bbox 203 1801 352 1888; x_wconf 90' lang='lat' dir='ltr'>sentiunt,</span> <span class='ocrx_word' id='word_1_99' title='bbox 374 1801 421 1867; x_wconf 94' lang='lat' dir='ltr'>ita</span> <span class='ocrx_word' id='word_1_100' title='bbox 442 1802 485 1868; x_wconf 92' lang='lat' dir='ltr'>ab</span> <span class='ocrx_word' id='word_1_101' title='bbox 507 1799 672 1867; x_wconf 90' lang='lat' dir='ltr'>Herodoto</span> <span class='ocrx_word' id='word_1_102' title='bbox 694 1806 827 1884; x_wconf 91' lang='lat' dir='ltr'>uterque</span> <span class='ocrx_word' id='word_1_103' title='bbox 849 1797 994 1866; x_wconf 88' lang='lat' dir='ltr'>diversus</span> <span class='ocrx_word' id='word_1_104' title='bbox 1017 1805 1074 1866; x_wconf 89' lang='lat' dir='ltr'>est.</span> <span class='ocrx_word' id='word_1_105' title='bbox 1245 1787 1247 1791; x_wconf 58' lang='grc'>’</span> 
     </span>
    </p>

    <p class='ocr_par' dir='ltr' id='par_1_3' title="bbox 201 1892 1272 4211">
     <span class='ocr_line' id='line_1_15' title="bbox 268 1892 1269 1995; baseline -0.002 -21"><span class='ocrx_word' id='word_1_106' title='bbox 268 1908 308 1974; x_wconf 93' lang='lat' dir='ltr'>In</span> <span class='ocrx_word' id='word_1_107' title='bbox 352 1907 458 1995; x_wconf 90' lang='lat' dir='ltr'>capite</span> <span class='ocrx_word' id='word_1_108' title='bbox 492 1907 576 1974; x_wconf 87' lang='lat' dir='ltr'>XIII</span> <span class='ocrx_word' id='word_1_109' title='bbox 609 1926 685 1972; x_wconf 88' lang='lat' dir='ltr'>vero</span> <span class='ocrx_word' id='word_1_110' title='bbox 722 1904 912 1972; x_wconf 89' lang='lat' dir='ltr'>Plutarchus</span> <span class='ocrx_word' id='word_1_111' title='bbox 945 1904 1082 1991; x_wconf 91' lang='lat' dir='ltr'>primum</span> <span class='ocrx_word' id='word_1_112' title='bbox 1118 1892 1269 1992; x_wconf 69' lang='lat' dir='ltr'>exponit,</span> 
     </span>
     <span class='ocr_line' id='line_1_16' title="bbox 203 2008 1258 2096; baseline -0.004 -16"><span class='ocrx_word' id='word_1_113' title='bbox 203 2014 346 2081; x_wconf 86' lang='lat' dir='ltr'>Xerxem</span> <span class='ocrx_word' id='word_1_114' title='bbox 366 2013 497 2078; x_wconf 91' lang='lat' dir='ltr'>ineunte</span> <span class='ocrx_word' id='word_1_115' title='bbox 519 2010 703 2078; x_wconf 86' lang='lat' dir='ltr'>certaminis</span> <span class='ocrx_word' id='word_1_116' title='bbox 726 2008 778 2077; x_wconf 91' lang='lat' dir='ltr'>die</span> <span class='ocrx_word' id='word_1_117' title='bbox 801 2030 899 2096; x_wconf 89' lang='lat' dir='ltr'>supra</span> <span class='ocrx_word' id='word_1_118' title='bbox 923 2010 1072 2078; x_wconf 87' lang='lat' dir='ltr'>Herculis</span> <span class='ocrx_word' id='word_1_119' title='bbox 1093 2009 1204 2089; x_wconf 81' lang='lat' dir='ltr'>fanum</span> <span class='ocrx_word' id='word_1_120' title='bbox 1222 2010 1258 2076; x_wconf 93' lang='lat' dir='ltr'>in</span> 
     </span>
     <span class='ocr_line' id='line_1_17' title="bbox 203 2116 1272 2203; baseline -0.006 -15"><span class='ocrx_word' id='word_1_121' title='bbox 203 2120 285 2188; x_wconf 91' lang='lat' dir='ltr'>sella</span> <span class='ocrx_word' id='word_1_122' title='bbox 306 2139 405 2187; x_wconf 89' lang='lat' dir='ltr'>aurea</span> <span class='ocrx_word' id='word_1_123' title='bbox 419 2117 612 2203; x_wconf 87' lang='lat' dir='ltr'>consedisse,</span> <span class='ocrx_word' id='word_1_124' title='bbox 634 2122 670 2184; x_wconf 90' lang='lat' dir='ltr'>ut</span> <span class='ocrx_word' id='word_1_125' title='bbox 685 2137 749 2184; x_wconf 92' lang='lat' dir='ltr'>uno</span> <span class='ocrx_word' id='word_1_126' title='bbox 768 2121 941 2202; x_wconf 88' lang='lat' dir='ltr'>conspectu</span> <span class='ocrx_word' id='word_1_127' title='bbox 956 2116 1090 2184; x_wconf 83' lang='lat' dir='ltr'>classem</span> <span class='ocrx_word' id='word_1_128' title='bbox 1101 2121 1133 2182; x_wconf 91' lang='lat' dir='ltr'>et</span> <span class='ocrx_word' id='word_1_129' title='bbox 1155 2116 1272 2198; x_wconf 79' lang='lat' dir='ltr'>aciem</span> 
     </span>
     <span class='ocr_line' id='line_1_18' title="bbox 205 2222 1259 2311; baseline -0.005 -18"><span class='ocrx_word' id='word_1_130' title='bbox 205 2226 306 2293; x_wconf 90' lang='lat' dir='ltr'>oculis</span> <span class='ocrx_word' id='word_1_131' title='bbox 327 2225 498 2291; x_wconf 90' lang='lat' dir='ltr'>terminare</span> <span class='ocrx_word' id='word_1_132' title='bbox 520 2228 629 2311; x_wconf 88' lang='lat' dir='ltr'>posset</span> <span class='ocrx_word' id='word_1_133' title='bbox 660 2223 754 2309; x_wconf 91' lang='lat' dir='ltr'>quod,</span> <span class='ocrx_word' id='word_1_134' title='bbox 778 2243 848 2288; x_wconf 92' lang='lat' dir='ltr'>curn</span> <span class='ocrx_word' id='word_1_135' title='bbox 869 2223 956 2289; x_wconf 88' lang='lat' dir='ltr'>idem</span> <span class='ocrx_word' id='word_1_136' title='bbox 973 2222 1134 2290; x_wconf 91' lang='lat' dir='ltr'>Diodorus</span> <span class='ocrx_word' id='word_1_137' title='bbox 1157 2243 1183 2289; x_wconf 86' lang='lat' dir='ltr'>e.</span> <span class='ocrx_word' id='word_1_138' title='bbox 1208 2223 1259 2309; x_wconf 86' lang='lat'>18,</span> 
     </span>
     <span class='ocr_line' id='line_1_19' title="bbox 204 2327 1260 2416; baseline -0.002 -17"><span class='ocrx_word' id='word_1_139' title='bbox 204 2333 225 2399; x_wconf 87' lang='grc'>3</span> <span class='ocrx_word' id='word_1_140' title='bbox 247 2337 279 2398; x_wconf 92' lang='lat' dir='ltr'>et</span> <span class='ocrx_word' id='word_1_141' title='bbox 294 2330 475 2398; x_wconf 91' lang='lat' dir='ltr'>Herodotus</span> <span class='ocrx_word' id='word_1_142' title='bbox 490 2330 562 2416; x_wconf 89' lang='lat' dir='ltr'>VII,</span> <span class='ocrx_word' id='word_1_143' title='bbox 579 2331 622 2396; x_wconf 88' lang='grc'>90</span> <span class='ocrx_word' id='word_1_144' title='bbox 643 2327 838 2416; x_wconf 88' lang='lat' dir='ltr'>scripserint,</span> <span class='ocrx_word' id='word_1_145' title='bbox 860 2349 924 2396; x_wconf 92' lang='lat' dir='ltr'>non</span> <span class='ocrx_word' id='word_1_146' title='bbox 937 2328 1116 2396; x_wconf 85' lang='lat' dir='ltr'>dubitarem</span> <span class='ocrx_word' id='word_1_147' title='bbox 1128 2329 1260 2416; x_wconf 79' lang='lat' dir='ltr'>Ephoro</span> 
     </span>
     <span class='ocr_line' id='line_1_20' title="bbox 202 2423 1258 2524; baseline -0.001 -20"><span class='ocrx_word' id='word_1_148' title='bbox 202 2438 359 2524; x_wconf 90' lang='lat' dir='ltr'>tribucre,</span> <span class='ocrx_word' id='word_1_149' title='bbox 382 2436 445 2504; x_wconf 93' lang='lat' dir='ltr'>nisi</span> <span class='ocrx_word' id='word_1_150' title='bbox 466 2427 656 2504; x_wconf 88' lang='lat' dir='ltr'>Plutarchus</span> <span class='ocrx_word' id='word_1_151' title='bbox 678 2435 749 2522; x_wconf 89' lang='lat' dir='ltr'>ipse</span> <span class='ocrx_word' id='word_1_152' title='bbox 771 2440 918 2503; x_wconf 89' lang='lat' dir='ltr'>auctores</span> <span class='ocrx_word' id='word_1_153' title='bbox 941 2433 1155 2522; x_wconf 85' lang='lat' dir='ltr'>diversarum,</span> <span class='ocrx_word' id='word_1_154' title='bbox 1178 2423 1258 2521; x_wconf 86' lang='lat' dir='ltr'>quas</span> 
     </span>
     <span class='ocr_line' id='line_1_21' title="bbox 203 2538 1260 2629; baseline -0.003 -20"><span class='ocrx_word' id='word_1_155' title='bbox 203 2543 314 2629; x_wconf 84' lang='lat' dir='ltr'>affert,</span> <span class='ocrx_word' id='word_1_156' title='bbox 338 2543 566 2610; x_wconf 89' lang='lat' dir='ltr'>sententiarum</span> <span class='ocrx_word' id='word_1_157' title='bbox 587 2540 828 2607; x_wconf 90' lang='lat' dir='ltr'>Phanodemum</span> <span class='ocrx_word' id='word_1_158' title='bbox 851 2544 882 2606; x_wconf 92' lang='lat' dir='ltr'>et</span> <span class='ocrx_word' id='word_1_159' title='bbox 904 2538 1135 2607; x_wconf 84' lang='lat' dir='ltr'>Acestodorum</span> <span class='ocrx_word' id='word_1_160' title='bbox 1163 2540 1260 2607; x_wconf 91' lang='lat' dir='ltr'>atthi-</span> 
     </span>
     <span class='ocr_line' id='line_1_22' title="bbox 204 2644 1260 2733; baseline -0.001 -21"><span class='ocrx_word' id='word_1_161' title='bbox 204 2647 388 2733; x_wconf 88' lang='lat' dir='ltr'>dographos</span> <span class='ocrx_word' id='word_1_162' title='bbox 409 2646 598 2713; x_wconf 89' lang='lat' dir='ltr'>nominaret.</span> <span class='ocrx_word' id='word_1_163' title='bbox 643 2645 724 2710; x_wconf 79' lang='lat' dir='ltr'>llum</span> <span class='ocrx_word' id='word_1_164' title='bbox 745 2665 821 2710; x_wconf 88' lang='lat' dir='ltr'>vero</span> <span class='ocrx_word' id='word_1_165' title='bbox 839 2650 1005 2728; x_wconf 88' lang='lat' dir='ltr'>utrumque</span> <span class='ocrx_word' id='word_1_166' title='bbox 1025 2644 1153 2718; x_wconf 89' lang='lat' dir='ltr'>illorum</span> <span class='ocrx_word' id='word_1_167' title='bbox 1174 2644 1260 2711; x_wconf 84' lang='lat' dir='ltr'>evol·</span> 
     </span>
     <span class='ocr_line' id='line_1_23' title="bbox 202 2737 1260 2838; baseline -0.002 -20"><span class='ocrx_word' id='word_1_168' title='bbox 202 2752 307 2838; x_wconf 89' lang='lat' dir='ltr'>visse,</span> <span class='ocrx_word' id='word_1_169' title='bbox 322 2765 323 2772; x_wconf 76' lang='grc'>’</span> <span class='ocrx_word' id='word_1_170' title='bbox 339 2772 404 2819; x_wconf 94' lang='lat' dir='ltr'>non</span> <span class='ocrx_word' id='word_1_171' title='bbox 426 2758 475 2817; x_wconf 91' lang='lat' dir='ltr'>est</span> <span class='ocrx_word' id='word_1_172' title='bbox 497 2749 583 2836; x_wconf 89' lang='lat' dir='ltr'>quod</span> <span class='ocrx_word' id='word_1_173' title='bbox 612 2750 683 2835; x_wconf 90' lang='lat' dir='ltr'>quis</span> <span class='ocrx_word' id='word_1_174' title='bbox 714 2749 748 2815; x_wconf 95' lang='lat' dir='ltr'>in</span> <span class='ocrx_word' id='word_1_175' title='bbox 769 2749 933 2816; x_wconf 89' lang='lat' dir='ltr'>Plutarchi</span> <span class='ocrx_word' id='word_1_176' title='bbox 955 2769 1074 2834; x_wconf 91' lang='lat' dir='ltr'>genere</span> <span class='ocrx_word' id='word_1_177' title='bbox 1097 2737 1260 2817; x_wconf 83' lang='lat' dir='ltr'>scribendi</span> 
     </span>
     <span class='ocr_line' id='line_1_24' title="bbox 203 2853 1258 2939; baseline -0.001 -17"><span class='ocrx_word' id='word_1_178' title='bbox 203 2856 405 2922; x_wconf 87' lang='lat' dir='ltr'>mediocriter</span> <span class='ocrx_word' id='word_1_179' title='bbox 424 2854 519 2921; x_wconf 89' lang='lat' dir='ltr'>modo</span> <span class='ocrx_word' id='word_1_180' title='bbox 542 2860 687 2920; x_wconf 86' lang='lat' dir='ltr'>versatus</span> <span class='ocrx_word' id='word_1_181' title='bbox 717 2860 825 2939; x_wconf 72' lang='lat' dir='ltr'>putet,</span> <span class='ocrx_word' id='word_1_182' title='bbox 854 2858 964 2921; x_wconf 89' lang='lat' dir='ltr'>contra</span> <span class='ocrx_word' id='word_1_183' title='bbox 993 2875 1014 2920; x_wconf 92' lang='lat' dir='ltr'>a</span> <span class='ocrx_word' id='word_1_184' title='bbox 1035 2853 1171 2936; x_wconf 85' lang='lat' dir='ltr'>veritate</span> <span class='ocrx_word' id='word_1_185' title='bbox 1194 2874 1258 2921; x_wconf 92' lang='lat' dir='ltr'>non</span> 
     </span>
     <span class='ocr_line' id='line_1_25' title="bbox 202 2958 1270 3046; baseline 0.001 -20"><span class='ocrx_word' id='word_1_186' title='bbox 202 2961 298 3027; x_wconf 91' lang='lat' dir='ltr'>nimis</span> <span class='ocrx_word' id='word_1_187' title='bbox 321 2961 471 3027; x_wconf 89' lang='lat' dir='ltr'>aberrare</span> <span class='ocrx_word' id='word_1_188' title='bbox 492 2958 620 3026; x_wconf 89' lang='lat' dir='ltr'>videtur</span> <span class='ocrx_word' id='word_1_189' title='bbox 641 2959 670 3025; x_wconf 94' lang='lat' dir='ltr'>si</span> <span class='ocrx_word' id='word_1_190' title='bbox 692 2959 763 3044; x_wconf 89' lang='lat' dir='ltr'>quis</span> <span class='ocrx_word' id='word_1_191' title='bbox 785 2959 966 3046; x_wconf 91' lang='lat' dir='ltr'>contendit,</span> <span class='ocrx_word' id='word_1_192' title='bbox 995 2959 1201 3026; x_wconf 89' lang='lat' dir='ltr'>Plutarchum</span> <span class='ocrx_word' id='word_1_193' title='bbox 1223 2961 1270 3042; x_wconf 34' lang='lat' dir='ltr'>in,</span> 
     </span>
     <span class='ocr_line' id='line_1_26' title="bbox 203 3065 1259 3157; baseline 0.004 -25"><span class='ocrx_word' id='word_1_194' title='bbox 203 3065 265 3133; x_wconf 89' lang='lat' dir='ltr'>hac</span> <span class='ocrx_word' id='word_1_195' title='bbox 287 3067 355 3132; x_wconf 87' lang='lat' dir='ltr'>vita</span> <span class='ocrx_word' id='word_1_196' title='bbox 376 3065 563 3152; x_wconf 87' lang='lat' dir='ltr'>scribenda,</span> <span class='ocrx_word' id='word_1_197' title='bbox 593 3065 776 3150; x_wconf 87' lang='lat' dir='ltr'>ubicunque</span> <span class='ocrx_word' id='word_1_198' title='bbox 806 3066 964 3150; x_wconf 86' lang='lat' dir='ltr'>agebatur</span> <span class='ocrx_word' id='word_1_199' title='bbox 998 3067 1038 3134; x_wconf 93' lang='lat' dir='ltr'>de</span> <span class='ocrx_word' id='word_1_200' title='bbox 1060 3068 1259 3157; x_wconf 85' lang='lat' dir='ltr'>accuratiore</span> 
     </span>
     <span class='ocr_line' id='line_1_27' title="bbox 204 3169 1257 3260; baseline 0.004 -23"><span class='ocrx_word' id='word_1_201' title='bbox 204 3172 416 3258; x_wconf 90' lang='lat' dir='ltr'>descriptione</span> <span class='ocrx_word' id='word_1_202' title='bbox 438 3170 500 3239; x_wconf 90' lang='lat' dir='ltr'>loci</span> <span class='ocrx_word' id='word_1_203' title='bbox 522 3171 657 3238; x_wconf 91' lang='lat' dir='ltr'>alicuius</span> <span class='ocrx_word' id='word_1_204' title='bbox 673 3170 808 3257; x_wconf 89' lang='lat' dir='ltr'>Atticae,</span> <span class='ocrx_word' id='word_1_205' title='bbox 831 3169 967 3238; x_wconf 90' lang='lat' dir='ltr'>eundem</span> <span class='ocrx_word' id='word_1_206' title='bbox 989 3179 1161 3260; x_wconf 89' lang='lat' dir='ltr'>auctorem,</span> <span class='ocrx_word' id='word_1_207' title='bbox 1182 3173 1257 3241; x_wconf 90' lang='lat' dir='ltr'>Phi·</span> 
     </span>
     <span class='ocr_line' id='line_1_28' title="bbox 204 3275 1257 3364; baseline 0.001 -21"><span class='ocrx_word' id='word_1_208' title='bbox 204 3277 382 3358; x_wconf 90' lang='lat' dir='ltr'>lochorum‚</span> <span class='ocrx_word' id='word_1_209' title='bbox 413 3282 556 3344; x_wconf 89' lang='lat' dir='ltr'>secutum</span> <span class='ocrx_word' id='word_1_210' title='bbox 580 3296 669 3364; x_wconf 90' lang='lat' dir='ltr'>esse,</span> <span class='ocrx_word' id='word_1_211' title='bbox 699 3277 735 3343; x_wconf 92' lang='lat' dir='ltr'>in</span> <span class='ocrx_word' id='word_1_212' title='bbox 763 3277 852 3343; x_wconf 90' lang='lat' dir='ltr'>euius</span> <span class='ocrx_word' id='word_1_213' title='bbox 881 3275 971 3344; x_wconf 87' lang='lat' dir='ltr'>libris</span> <span class='ocrx_word' id='word_1_214' title='bbox 1003 3298 1075 3344; x_wconf 92' lang='lat' dir='ltr'>curn</span> <span class='ocrx_word' id='word_1_215' title='bbox 1098 3284 1182 3346; x_wconf 92' lang='lat' dir='ltr'>esset</span> <span class='ocrx_word' id='word_1_216' title='bbox 1202 3277 1257 3346; x_wconf 93' lang='lat' dir='ltr'>ille</span> 
     </span>
     <span class='ocr_line' id='line_1_29' title="bbox 201 3367 1270 3469; baseline 0.001 -18"><span class='ocrx_word' id='word_1_217' title='bbox 201 3384 296 3451; x_wconf 91' lang='lat' dir='ltr'>homo</span> <span class='ocrx_word' id='word_1_218' title='bbox 318 3381 520 3450; x_wconf 90' lang='lat' dir='ltr'>doctissimus</span> <span class='ocrx_word' id='word_1_219' title='bbox 542 3387 574 3448; x_wconf 92' lang='lat' dir='ltr'>et</span> <span class='ocrx_word' id='word_1_220' title='bbox 603 3381 638 3448; x_wconf 96' lang='lat' dir='ltr'>in</span> <span class='ocrx_word' id='word_1_221' title='bbox 666 3382 828 3450; x_wconf 88' lang='lat' dir='ltr'>veteribus</span> <span class='ocrx_word' id='word_1_222' title='bbox 857 3383 984 3469; x_wconf 93' lang='lat' dir='ltr'>scriptis</span> <span class='ocrx_word' id='word_1_223' title='bbox 1006 3384 1139 3451; x_wconf 91' lang='lat' dir='ltr'>multum</span> <span class='ocrx_word' id='word_1_224' title='bbox 1167 3367 1270 3452; x_wconf 82' lang='lat' dir='ltr'>volu·¹¹</span> 
     </span>
     <span class='ocr_line' id='line_1_30' title="bbox 203 3484 1258 3578; baseline 0.001 -22"><span class='ocrx_word' id='word_1_225' title='bbox 203 3495 290 3556; x_wconf 88' lang='lat' dir='ltr'>tatus</span> <span class='ocrx_word' id='word_1_226' title='bbox 310 3487 499 3556; x_wconf 88' lang='lat' dir='ltr'>Acestodori</span> <span class='ocrx_word' id='word_1_227' title='bbox 527 3507 654 3573; x_wconf 89' lang='lat' dir='ltr'>quoqne</span> <span class='ocrx_word' id='word_1_228' title='bbox 684 3493 716 3554; x_wconf 94' lang='lat' dir='ltr'>et</span> <span class='ocrx_word' id='word_1_229' title='bbox 736 3484 936 3554; x_wconf 89' lang='lat' dir='ltr'>Phanodemi</span> <span class='ocrx_word' id='word_1_230' title='bbox 965 3490 1141 3558; x_wconf 89' lang='lat' dir='ltr'>sententias</span> <span class='ocrx_word' id='word_1_231' title='bbox 1169 3490 1258 3578; x_wconf 50' lang='lat' dir='ltr'>inve&lt;</span> 
     </span>
     <span class='ocr_line' id='line_1_31' title="bbox 202 3591 1264 3682; baseline 0.001 -21"><span class='ocrx_word' id='word_1_232' title='bbox 202 3595 289 3662; x_wconf 93' lang='lat' dir='ltr'>nisse</span> <span class='ocrx_word' id='word_1_233' title='bbox 319 3591 511 3676; x_wconf 88' lang='lat' dir='ltr'>cogitandus</span> <span class='ocrx_word' id='word_1_234' title='bbox 532 3597 589 3660; x_wconf 88' lang='lat' dir='ltr'>est.</span> <span class='ocrx_word' id='word_1_235' title='bbox 641 3592 789 3660; x_wconf 77' lang='lat' dir='ltr'>Ceterum</span> <span class='ocrx_word' id='word_1_236' title='bbox 817 3592 1007 3660; x_wconf 82' lang='lat' dir='ltr'>Acestodori</span> <span class='ocrx_word' id='word_1_237' title='bbox 1034 3594 1162 3682; x_wconf 92' lang='lat' dir='ltr'>opinio,</span> <span class='ocrx_word' id='word_1_238' title='bbox 1185 3605 1264 3670; x_wconf 67' lang='lat' dir='ltr'>con·⁴</span> 
     </span>
     <span class='ocr_line' id='line_1_32' title="bbox 202 3695 1270 3785; baseline 0 -19"><span class='ocrx_word' id='word_1_239' title='bbox 202 3697 324 3766; x_wconf 90' lang='lat' dir='ltr'>sedisse</span> <span class='ocrx_word' id='word_1_240' title='bbox 345 3697 489 3764; x_wconf 84' lang='lat' dir='ltr'>Xerxem</span> <span class='ocrx_word' id='word_1_241' title='bbox 518 3696 553 3763; x_wconf 92' lang='lat' dir='ltr'>in</span> <span class='ocrx_word' id='word_1_242' title='bbox 583 3695 720 3763; x_wconf 85' lang='lat' dir='ltr'>confinio</span> <span class='ocrx_word' id='word_1_243' title='bbox 742 3697 895 3781; x_wconf 88' lang='lat' dir='ltr'>Megarae</span> <span class='ocrx_word' id='word_1_244' title='bbox 923 3717 1024 3785; x_wconf 88' lang='lat' dir='ltr'>supra</span> <span class='ocrx_word' id='word_1_245' title='bbox 1042 3707 1125 3766; x_wconf 74' lang='lat' dir='ltr'>‘enm</span> <span class='ocrx_word' id='word_1_246' title='bbox 1152 3697 1270 3768; x_wconf 67' lang='lat' dir='ltr'>loeum&#39;</span> 
     </span>
     <span class='ocr_line' id='line_1_33' title="bbox 203 3801 1258 3890; baseline 0.007 -22"><span class='ocrx_word' id='word_1_247' title='bbox 203 3823 287 3888; x_wconf 91' lang='lat' dir='ltr'>qnae</span> <span class='ocrx_word' id='word_1_248' title='bbox 308 3822 427 3869; x_wconf 90' lang='lat' dir='ltr'>cornua</span> <span class='ocrx_word' id='word_1_249' title='bbox 451 3808 661 3888; x_wconf 81' lang='lat' dir='ltr'>uocarentur,</span> <span class='ocrx_word' id='word_1_250' title='bbox 689 3801 864 3870; x_wconf 88' lang='lat' dir='ltr'>reiicienda</span> <span class='ocrx_word' id='word_1_251' title='bbox 885 3809 950 3890; x_wconf 90' lang='lat' dir='ltr'>est,</span> <span class='ocrx_word' id='word_1_252' title='bbox 980 3825 1051 3871; x_wconf 92' lang='lat' dir='ltr'>curn</span> <span class='ocrx_word' id='word_1_253' title='bbox 1073 3804 1160 3890; x_wconf 90' lang='lat' dir='ltr'>quod</span> <span class='ocrx_word' id='word_1_254' title='bbox 1181 3806 1258 3874; x_wconf 88' lang='lat' dir='ltr'>Dio·</span> 
     </span>
     <span class='ocr_line' id='line_1_34' title="bbox 204 3892 1268 3998; baseline 0.004 -25"><span class='ocrx_word' id='word_1_255' title='bbox 204 3907 299 3974; x_wconf 88' lang='lat' dir='ltr'>dorus</span> <span class='ocrx_word' id='word_1_256' title='bbox 330 3912 362 3974; x_wconf 90' lang='lat' dir='ltr'>et</span> <span class='ocrx_word' id='word_1_257' title='bbox 390 3906 571 3974; x_wconf 88' lang='lat' dir='ltr'>Herodotus</span> <span class='ocrx_word' id='word_1_258' title='bbox 602 3928 673 3974; x_wconf 90' lang='lat' dir='ltr'>oum</span> <span class='ocrx_word' id='word_1_259' title='bbox 701 3907 908 3974; x_wconf 90' lang='lat' dir='ltr'>Phanodcmo</span> <span class='ocrx_word' id='word_1_260' title='bbox 939 3911 1158 3998; x_wconf 89' lang='lat' dir='ltr'>consentiunt,</span> <span class='ocrx_word' id='word_1_261' title='bbox 1191 3892 1268 3979; x_wconf 86' lang='lat' dir='ltr'>tum</span> 
     </span>
     <span class='ocr_line' id='line_1_35' title="bbox 203 4011 1260 4104; baseline 0.006 -24"><span class='ocrx_word' id='word_1_262' title='bbox 203 4011 289 4100; x_wconf 83' lang='lat' dir='ltr'>qnod</span> <span class='ocrx_word' id='word_1_263' title='bbox 323 4035 341 4080; x_wconf 91' lang='lat' dir='ltr'>e</span> <span class='ocrx_word' id='word_1_264' title='bbox 369 4013 489 4100; x_wconf 83' lang='lat' dir='ltr'>templo</span> <span class='ocrx_word' id='word_1_265' title='bbox 511 4015 659 4080; x_wconf 90' lang='lat' dir='ltr'>Heraclis</span> <span class='ocrx_word' id='word_1_266' title='bbox 697 4035 823 4081; x_wconf 92' lang='lat' dir='ltr'>omnem</span> <span class='ocrx_word' id='word_1_267' title='bbox 844 4035 974 4101; x_wconf 89' lang='lat' dir='ltr'>pugnae</span> <span class='ocrx_word' id='word_1_268' title='bbox 1001 4017 1131 4085; x_wconf 85' lang='lat' dir='ltr'>navalis</span> <span class='ocrx_word' id='word_1_269' title='bbox 1152 4019 1260 4104; x_wconf 53' lang='lat' dir='ltr'>regios</span> 
     </span>
     <span class='ocr_line' id='line_1_36' title="bbox 203 4119 1259 4211; baseline 0.007 -26"><span class='ocrx_word' id='word_1_270' title='bbox 203 4128 277 4186; x_wconf 82' lang='lat' dir='ltr'>n&#39;em</span> <span class='ocrx_word' id='word_1_271' title='bbox 304 4119 421 4206; x_wconf 92' lang='lat' dir='ltr'>optime</span> <span class='ocrx_word' id='word_1_272' title='bbox 439 4125 567 4207; x_wconf 89' lang='lat' dir='ltr'>patere,</span> <span class='ocrx_word' id='word_1_273' title='bbox 590 4120 733 4187; x_wconf 90' lang='lat' dir='ltr'>Leakius</span> <span class='ocrx_word' id='word_1_274' title='bbox 744 4119 769 4209; x_wconf 88' lang='lat'>¹)</span> <span class='ocrx_word' id='word_1_275' title='bbox 795 4126 906 4188; x_wconf 90' lang='lat' dir='ltr'>auctor</span> <span class='ocrx_word' id='word_1_276' title='bbox 928 4127 984 4190; x_wconf 90' lang='lat' dir='ltr'>est.</span> <span class='ocrx_word' id='word_1_277' title='bbox 1028 4123 1130 4190; x_wconf 86' lang='lat' dir='ltr'>Mirae</span> <span class='ocrx_word' id='word_1_278' title='bbox 1151 4130 1259 4211; x_wconf 87' lang='lat' dir='ltr'>autern</span> 
     </span>
    </p>
   </div>
   <div class='ocr_carea' id='block_1_3' title="bbox 244 4339 904 4417">
    <p class='ocr_par' dir='ltr' id='par_1_4' title="bbox 244 4339 904 4417">
     <span class='ocr_line' id='line_1_37' title="bbox 244 4339 904 4417; baseline 0.009 -20"><span class='ocrx_word' id='word_1_279' title='bbox 244 4407 247 4412; x_wconf 16' lang='grc' dir='ltr'><strong><em>Δ</em></strong></span> <span class='ocrx_word' id='word_1_280' title='bbox 272 4341 300 4416; x_wconf 89' lang='grc'>1)</span> <span class='ocrx_word' id='word_1_281' title='bbox 318 4339 449 4412; x_wconf 80' lang='lat' dir='ltr'>healre,</span> <span class='ocrx_word' id='word_1_282' title='bbox 467 4341 576 4401; x_wconf 89' lang='lat' dir='ltr'>Demcn</span> <span class='ocrx_word' id='word_1_283' title='bbox 597 4359 653 4400; x_wconf 86' lang='lat' dir='ltr'>ron</span> <span class='ocrx_word' id='word_1_284' title='bbox 672 4343 774 4402; x_wconf 76' lang='lat' dir='ltr'>Attila</span> <span class='ocrx_word' id='word_1_285' title='bbox 791 4362 821 4417; x_wconf 88' lang='lat' dir='ltr'>p.</span> <span class='ocrx_word' id='word_1_286' title='bbox 841 4343 904 4402; x_wconf 81' lang='lat'><strong>213.</strong></span> 
     </span>
    </p>
   </div>
   <div class='ocr_carea' id='block_1_4' title="bbox 0 0 1483 4772">
    <p class='ocr_par' dir='ltr' id='par_1_5' title="bbox 0 0 1483 4772">
     <span class='ocr_line' id='line_1_38' title="bbox 0 0 1483 4772; baseline 0 0"><span class='ocrx_word' id='word_1_287' title='bbox 0 0 1483 4772; x_wconf 95' lang='lat' dir='ltr'> </span> 
     </span>
    </p>
   </div>
  </div>
 </body>
</html>
