2954 4772
715 270 757 340 62

210 444 333 513 locutus
355 450 503 512 accurate
526 443 674 531 exponit,
709 439 786 529 quid
817 443 878 510 sibi
903 443 1039 510 volucrit
1061 443 1147 530 apud
1169 446 1266 513 Atho-

212 548 340 615 nienses
360 553 514 614 testarum
536 548 726 630 suffragium
738 547 831 633 quod·
845 545 1058 629 δστρανισμόν
1071 548 1117 615 illi
1140 556 1267 634 vocant,

210 652 401 718 Plutarchus
429 652 490 719 suh
510 652 564 719 flu.
593 674 620 719 c.
642 649 738 718 XXII
766 651 888 720 eisdem
917 672 1022 738 paene
1050 654 1158 720 verbis
1188 674 1265 720 usus

211 756 346 822 lectores
374 753 458 820 idern
482 755 585 822 docet
622 754 741 822 Oouser
763 756 857 822 Plut:
889 754 996 837 ὥσπερ
1029 755 1192 819 εἰώθεσαν
1213 756 1269 820 tat

212 858 343 924 πάντων
365 859 422 934 οὓς
444 859 545 943 ᾤοντο
569 910 576 924 .
600 909 608 926 .
631 905 640 923 .
663 903 672 924 .
695 861 778 941 πρὸς
799 859 927 946 Ῐσδτιντα
960 866 1268 946 δημοκρατικὴν

212 963 431 1046 δσνμμδτρονς
460 963 542 1027 εἶναι
576 983 646 1030 cum
675 965 787 1032 Diod:
833 969 889 1028 τοῦ
923 964 1093 1040 δοκοῦντος
1128 965 1267 1047 μάλιστα

162 1137 166 1158 ι
212 1067 445 1132 καταλῦσαι
483 1071 553 1151 τήν
591 1067 902 1153 δημοκρατίαις·
939 1077 977 1135 et
1008 1071 1106 1138 Plut:
1138 1071 1268 1144 κόλασις

213 1177 275 1254 yslp
303 1171 362 1236 oda
388 1169 427 1256 ἦν
458 1172 476 1236 ὸ
508 1175 774 1260 οξοστρανισμδς,
804 1173 925 1238 ἄλλοτ’.
950 1173 1189 1259 ...ἡδομένῳ
1224 1181 1267 1260 τῷ

212 1280 438 1342 ταπεινοῦν
467 1278 538 1352 τινος
566 1273 786 1364 δπερδχοντας,
815 1299 886 1345 cunr
918 1279 1068 1346 Diodori:
1099 1277 1168 1360 οιῗχ
1200 1286 1267 1344 ἵνα
1335 1314 1337 1322 ν

212 1383 283 1466 τὴν
311 1385 462 1446 κακίαν
488 1381 722 1462 κολάζωσιν
753 1381 827 1447 ἀλλ’
849 1387 965 1448 tuaac
991 1385 1182 1469 φρονήματα
1205 1387 1270 1448 τῶν

213 1484 503 1568 ὑπερεχόντων
535 1491 814 1570 ταπεινότερα
834 1491 977 1573 γένηται,
1002 1497 1035 1555 et
1055 1490 1140 1574 quod
1163 1491 1267 1557 falsis-

212 1595 297 1658 simo.
325 1591 419 1658 Diod.
451 1591 578 1676 scripsit
606 1591 853 1660 Themistoclem
883 1612 954 1659 esse
991 1594 1158 1678 expulsum
1192 1595 1268 1678 quic

212 1697 424 1764 Athenienses
458 1696 683 1780 φθονήσαντες
715 1700 753 1785 τῇ
786 1695 866 1784 δόξῃ
901 1697 1055 1783 fuissent,
1081 1719 1153 1765 cum
1184 1699 1270 1769 falsa

212 1801 376 1870 Plutarchi
387 1801 620 1886 explicatione:
640 1798 658 1864 d
685 1801 929 1884 ἐξοστρακισμὸς
950 1799 996 1885 ἦν
1017 1808 1268 1887 παραμυθία

213 1897 389 1986 φθόνον.
433 1907 503 1972 Hoc
525 1925 600 1974 vero
624 1928 685 1973 non
698 1926 775 1974 casu
798 1906 983 1974 sactumsed
1004 1908 1048 1974 ad
1070 1930 1268 1976 communem
1324 1913 1326 1916 ’

213 2013 332 2081 fontem
364 2012 564 2080 referendum
599 2019 657 2079 est.
699 2011 827 2078 Dixerit
854 2013 1031 2098 quispiam,
1063 2014 1268 2082 Plutarchum

213 2117 273 2184 hoc
313 2117 383 2182 loco
411 2115 545 2202 primum
575 2117 815 2202 opportunitate
851 2116 929 2182 data
967 2118 1138 2186 lectoribus
1170 2123 1268 2187 semel

213 2222 431 2289 ostracismum
444 2219 607 2306 explicare
629 2221 777 2287 voluisse.
821 2220 886 2288 Sed
907 2221 941 2288 id
962 2230 1093 2308 propter
1106 2224 1269 2292 Plutarchi

213 2347 316 2412 gcnns
338 2323 497 2394 scribendi
519 2326 589 2392 veri
610 2325 751 2410 speeiem
772 2326 961 2411 nonhabet3
984 2329 1107 2395 namsi
1129 2329 1269 2414 reliquas

213 2432 282 2498 eius
311 2430 395 2496 vitas
425 2447 646 2518 comparamus
680 2429 800 2514 elucet,
830 2449 903 2496 cunr
934 2430 967 2496 in
997 2432 1116 2500 talibus
1138 2455 1269 2520 prorsus

212 2534 353 2622 pendere
382 2535 425 2600 ab
456 2539 586 2606 auctore
621 2553 688 2600 suo.
743 2535 859 2601 Tribus
896 2535 980 2602 enim
1022 2537 1096 2604 aliis
1131 2541 1269 2606 vitarum

213 2640 290 2706 locis
312 2641 394 2724 (Nic
415 2659 442 2706 u.
465 2641 524 2724 113
549 2639 657 2704 'Arist
677 2657 703 2704 c.
727 2639 757 2704 l.
785 2639 889 2706 Alcib.
911 2661 937 2706 c.
962 2641 1017 2727 13)
1044 2644 1181 2711 eandem
1203 2665 1269 2710 rem

214 2745 391 2834 descripsit,
413 2744 654 2830 Theopompum
666 2743 791 2830 (Nicet
808 2743 929 2831 Arist),
951 2744 1114 2832 Ephorum
1128 2748 1269 2835 (ulcio),

212 2843 469 2937 Theophrastum
481 2848 604 2936 (Arist)
615 2855 743 2915 secutus
754 2848 789 2934 ¹).
832 2849 947 2934 Itaque
971 2851 1029 2917 hoc
1051 2872 1177 2937 quoque
1200 2854 1269 2920 loco

214 2955 459 3042 descriptionem
495 2953 584 3019 illam
616 2953 768 3038 inseruit,
805 2955 881 3038 quia
917 2955 965 3021 uti
994 2955 1155 3023 Diodoms
1184 2960 1270 3043 apud

213 3062 377 3148 Ephorum
398 3059 594 3145 adscriptam
616 3077 687 3124 eam
719 3059 859 3144 invenit3
887 3080 1020 3143 quocum
1041 3062 1123 3128 bone
1156 3083 1269 3130 conve·

213 3168 278 3252 nit,
308 3165 393 3254 quod
422 3165 456 3230 in
479 3163 658 3230 Alcibiadis
688 3164 756 3230 vita
778 3162 847 3250 (ubi
869 3164 999 3232 Trickio
1027 3173 1109 3234 teste
1134 3169 1270 3236 eundem

214 3274 376 3359 Ephorum
398 3277 474 3336 ante
496 3269 605 3335 oculos
632 3268 759 3354 habuit)
795 3268 975 3336 institutum
996 3270 1076 3336 illud
1097 3272 1271 3341 Athenien-

214 3378 296 3446 sium
316 3375 394 3450 ltcm
415 3374 497 3440 salso
520 3373 687 3458 intellexit,
710 3379 742 3440 et
762 3379 915 3439 testamm
937 3376 1137 3462 suffragium,
1159 3385 1194 3443 ut
1215 3373 1270 3447 rio-

214 3487 279 3551 stro
301 3482 382 3566 loco,
404 3481 622 3563 παραμυθίαν
644 3481 778 3562 φθόνον
800 3498 871 3546 esse
902 3480 984 3546 dixit
1005 3481 1069 3565 (cdl
1093 3486 1145 3544 τδν
1167 3472 1270 3566 προῦ-

214 3607 311 3670 χοντα
333 3585 413 3672 δόξῃ
436 3590 490 3648 aul
513 3584 664 3666 δυνάμει,
694 3587 759 3646 τῶν
791 3583 930 3647 πολιτῶν
958 3584 1130 3649 ἐλαύνονται
1161 3611 1271 3669 παρα-

214 3695 419 3778 μυθούμενοι
458 3691 513 3750 τδν
549 3687 703 3773 φθόνον).
761 3689 905 3754 Alterum
945 3687 985 3754 de
1023 3710 1086 3773 quo
1123 3692 1273 3764 convenit

214 3796 298 3864 inter
320 3792 527 3860 Plutarchum
550 3798 582 3857 et
603 3792 745 3858 Siculum
769 3800 834 3876 cst,
871 3788 956 3875 quod
975 3799 1108 3877 uterque
1131 3798 1170 3862 de
1193 3796 1271 3863 dua·

216 3901 275 3968 hus
297 3897 521 3965 Themistoclis
542 3897 801 3964 accusationibus
822 3897 964 3983 scripsit,
987 3898 1194 3985 Thucydides
1216 3923 1271 3967 arr-

214 4011 278 4072 tem
302 4003 341 4069 dc
363 4003 465 4068 altera
487 4001 555 4066 solo
577 4001 715 4084 rettulit3
737 4000 881 4085 tertium,
911 4001 996 4085 qnod
1017 4008 1150 4086 uterque
1172 4005 1270 4070 Lace·

293 4231 318 4299 1)
337 4229 385 4284 cfr.
405 4227 547 4292 Triuiae,
567 4227 617 4283 l.1.
636 4246 701 4299 pag.
721 4229 765 4283 31.
