2954 4772
272 498 363 570 Haeo
383 501 481 590 igltur
491 503 626 574 Diodori
648 504 691 573 ad
712 504 876 592 Ephorum
889 502 1059 591 portinent
1102 501 1174 570 Iam
1185 519 1256 589 per·

207 607 257 693 git
276 609 467 680 Plutarchus
490 612 580 699 (inde
601 634 622 680 a
643 634 673 680 v.
695 613 717 680 b
738 633 814 698 pag.
824 611 921 699 228);
951 609 1180 694 Athenienses,
1209 627 1262 674 ac·

207 719 299 800 cepto
321 717 432 785 nuntio
453 718 594 786 Xerxem
615 716 752 785 vastatis
772 715 985 785 Phocensium
1005 713 1124 782 finibus
1150 712 1186 782 in
1207 712 1263 778 At·

207 817 305 886 tloam
327 839 445 906 agmen
467 822 599 908 ducere,
622 845 643 890 a
664 822 906 909 Peloponnesiis
924 821 1087 909 petivisse,
1108 824 1144 886 ut
1164 816 1261 886 hosti·
1331 881 1334 887 .

208 922 268 991 bus
289 945 398 994 secum
420 926 548 994 obviam
577 928 679 1014 irent,
709 927 869 996 neminem
897 946 973 993 vcro
1003 944 1059 994 eos
1087 922 1261 1008 audivisse,

208 1026 267 1100 sed
288 1029 436 1098 omnibus
457 1031 713 1118 Peloponnesum
735 1033 782 1098 ita
804 1030 893 1098 cordi
915 1030 1015 1099 fuisse
1037 1035 1072 1096 ut
1087 1029 1188 1116 copiis
1208 1027 1261 1093 iu-

207 1137 258 1200 tra
270 1133 426 1203 Isthmum
438 1135 603 1206 conductis
615 1138 701 1204 hunc
711 1137 817 1224 ipsum
829 1157 919 1204 muro
931 1135 1151 1220 munivisscut,
1162 1131 1260 1200 Athe-

208 1257 268 1306 uas
289 1247 397 1308 autem
418 1243 563 1312 hostibus
584 1243 783 1331 diripiendas
805 1249 838 1310 et
860 1242 1014 1310 delendas
1041 1241 1259 1325 reliquissent,

208 1342 380 1432 inquibus
411 1368 517 1417 rerum
546 1350 706 1436 angustiis
740 1369 812 1416 cum
833 1369 958 1417 summa
986 1348 1074 1417 salus
1096 1352 1192 1431 atquc
1213 1345 1260 1412 iu·

208 1453 376 1522 columitas
398 1454 537 1522 civitatis
558 1455 593 1521 in
615 1455 790 1542 periculum
812 1454 971 1522 adductae
992 1454 1137 1538 fuissent,
1158 1469 1262 1534 neque

208 1557 375 1644 quisquam
403 1558 480 1644 quid
509 1559 670 1646 agendum
700 1565 785 1628 esset
821 1560 983 1646 scivisset,
1016 1555 1262 1625 Themistoclem

208 1663 379 1734 fortissime
409 1665 456 1733 rei
488 1665 637 1752 publicae
669 1666 890 1752 gubernacula
924 1664 1118 1751 suscepisse,
1165 1666 1262 1745 atque

207 1770 360 1856 optimum
382 1771 628 1856 gubernatorem
655 1793 713 1859 per
734 1773 891 1839 maximos
923 1770 1067 1838 turbines
1088 1788 1128 1835 ac
1149 1772 1262 1835 fluctus

208 1895 324 1942 navem
345 1876 379 1942 in
402 1883 496 1963 portu
517 1878 708 1965 collocasse,
742 1878 818 1963 quia
848 1877 972 1944 civibus
993 1874 1207 1963 persuasisset
1227 1877 1264 1938 ut

207 1981 287 2050 urbe
309 1981 381 2050 Diis
402 1983 516 2068 patriis
536 1984 648 2051 relicta
669 2004 769 2052 naves
791 1982 1043 2051 conscenderent
1071 1987 1104 2048 et
1124 1979 1262 2048 nauibus

209 2106 335 2154 omnem
372 2089 509 2156 salutem
542 2095 695 2176 peterent
767 2091 817 2157 De
849 2089 899 2156 his
932 2085 1061 2174 quidem
1088 2086 1261 2154 Athenien·

207 2191 290 2258 sium
311 2192 508 2278 temporibus
529 2198 561 2260 et
582 2192 762 2280 proditione
780 2193 1071 2281 Peloponesiorum,
1093 2211 1182 2277 quos,
1204 2211 1262 2256 aa·

209 2301 335 2380 aquam
356 2297 434 2365 arbe
456 2298 658 2366 Athenarum
680 2321 701 2365 a
723 2300 837 2366 Persis
863 2305 962 2382 capta
984 2303 1079 2382 esset,
1108 2297 1142 2363 in
1170 2296 1263 2363 Pelo·

207 2423 384 2490 ponnesum
406 2423 442 2471 se
463 2404 655 2472 subduxisse
676 2405 893 2490 Isthmumquc
913 2405 1058 2472 firmasse
1071 2402 1263 2470 Plutarchus

207 2512 406 2596 auctorest,
428 2510 609 2578 Herodotus
630 2511 719 2597 VIII,
742 2512 783 2578 'll
808 2510 921 2578 eadem
942 2511 1079 2597 rettulit,
1102 2507 1263 2576 Diodorus

207 2632 285 2682 vero
307 2614 388 2681 nihil
410 2614 523 2701 habet3
546 2616 623 2702 quin
644 2615 771 2684 videtur
792 2617 890 2683 etiam
922 2637 943 2682 a
965 2614 1136 2682 Plutarcho
1158 2614 1262 2680 diver·

208 2739 263 2788 sus
295 2739 382 2806 esse,
412 2720 498 2806 quod
527 2720 606 2788 dicit
643 2721 895 2809 Peloponnesios
936 2720 1096 2788 communi
1123 2720 1263 2788 Graeco·

208 2846 280 2892 rum
307 2826 411 2894 classe
444 2825 488 2892 ad
518 2825 716 2894 Salaminem
752 2827 891 2895 insulam
920 2832 1118 2912 congregata
1156 2825 1262 2893 subito

208 2931 322 2999 timore
343 2930 542 3018 perterritos,
563 2952 636 3000 cum
657 2939 783 3000 costam
809 2933 955 3001 Atticam
977 2938 1054 3000 ante
1076 2931 1184 2998 oculos
1205 2930 1262 2997 ha·

207 3038 369 3124 buissent,
391 3036 546 3105 Isthmum
566 3038 774 3107 muniendum
796 3039 957 3106 censuisse
988 3045 1021 3104 et
1047 3044 1114 3106 tum
1136 3036 1263 3105 demum

208 3142 244 3212 id
265 3163 345 3230 opus
366 3163 539 3228 aggressos
560 3164 640 3212 esse.
662 3143 703 3232 (c.
727 3145 778 3230 16,
800 3143 845 3232 3.)
895 3146 1019 3212 Tamen
1048 3150 1157 3212 manet
1178 3143 1262 3230 quod

207 3249 387 3338 posuimus,
408 3249 614 3317 Plutarchum
635 3248 790 3317 Herodoti
810 3249 910 3324 libros
932 3270 997 3317 uon
1011 3250 1186 3337 evolvisse,
1208 3269 1263 3318 uc·

210 3376 271 3442 que
304 3375 322 3422 e
353 3353 489 3422 Diodori
521 3355 707 3422 diversitate
738 3355 848 3440 colligi
876 3374 971 3441 posse
1001 3375 1074 3422 enm
1102 3354 1264 3424 diversum

209 3483 231 3530 a
250 3459 425 3529 Plutarcho
448 3458 568 3528 fontem
589 3461 624 3527 in
646 3460 795 3527 manibus
817 3459 978 3527 habuisse.
1021 3459 1163 3527 Primum
1178 3461 1264 3528 enim

209 3583 418 3651 quaecunque
440 3564 615 3651 capitelli
637 3586 657 3631 a
678 3563 850 3631 Plutarcho
872 3571 1058 3652 narrantur,
1087 3565 1265 3634 arctissime

208 3671 292 3739 inter
313 3689 349 3738 se
370 3669 543 3738 cohaerent
564 3676 660 3755 atque
682 3671 730 3738 ita
750 3691 815 3737 nno
837 3675 947 3737 tenore
968 3670 1089 3757 scripta
1110 3676 1197 3757 sunt,
1230 3674 1266 3737 ut

209 3774 239 3843 si
260 3779 346 3842 recte
367 3773 494 3841 initium
517 3776 632 3863 capitis
656 3798 696 3844 ex
717 3775 847 3864 Ephoro
879 3774 1028 3843 haustum
1057 3795 1128 3844 csse
1156 3775 1265 3865 posui·

208 3899 280 3949 mus
322 3878 408 3947 idem
430 3879 474 3947 ad
501 3885 601 3948 totum
623 3887 720 3969 capnt
741 3881 850 3949 valere
872 3880 999 3948 debeat.
1049 3881 1176 3949 Deinde
1197 3881 1266 3950 lon·

209 3985 281 4070 glor
303 3983 402 4050 ctiam
423 3985 586 4054 Herodoto
608 3986 798 4054 Plutarchus
820 3991 878 4070 est,
900 4006 976 4052 nam
990 4005 1074 4069 quac
1091 3979 1266 4053 Athenienss

208 4090 332 4159 sesira
352 4088 544 4176 proditionis
566 4096 598 4160 ct
619 4081 744 4160 maeste
766 4090 949 4159 solitudinis
970 4097 1143 4159 commotos
1158 4091 1265 4159 auimo

207 4195 348 4278 soluisse
370 4194 448 4262 dicit
477 4194 521 4282 (v.
544 4198 585 4266 1³
607 4219 639 4286 p.
660 4199 725 4265 228
748 4195 846 4284 scq.),
879 4202 915 4264 nt
945 4195 1096 4264 Isocratis
1126 4195 1264 4283 discipu·

205 4301 271 4368 lum
293 4298 389 4367 valde
409 4299 555 4370 redolent
585 4303 632 4372 ita
664 4303 707 4370 ab
729 4299 890 4371 Herodoto
912 4301 1021 4370 aliena
1040 4305 1123 4375 suut
1196 4303 1259 4372 Ne·
