2954 4772
710 320 752 385 69

207 502 268 566 que
289 504 354 551 uon
375 487 477 554 solum
507 508 591 572 quae
612 489 672 555 snb
693 489 789 554 finem
822 488 937 574 capitis
959 489 1073 555 XXIX
1095 507 1116 554 a
1138 488 1261 555 Plutar-

207 588 266 654 cho
295 589 366 674 ipso
388 593 528 659 Neanthi
559 593 755 678 tribuuntur,
788 594 846 660 sed
873 600 972 660 toturn
1002 601 1100 680 eaput
1132 615 1172 660 ex
1201 597 1263 662 Isto

207 691 338 760 tiansse
350 696 553 764 statuendum
562 704 735 783 est3atque
746 699 822 782 qnia
834 698 984 764 cXXVI.
994 698 1264 766 XXVIII.XXIX

164 879 167 894 Ι
207 798 389 865 arcteinter
401 820 437 868 se
450 802 621 870 cohaerere
633 804 781 888 vidimus,
802 841 846 852 --
863 823 890 868 c.
912 804 1039 871 XXVII
1061 810 1168 870 autem
1189 805 1263 870 aliis

208 901 248 968 de
269 906 374 971 causis
386 907 524 973 Neanthi
534 907 729 993 adscriptum
739 915 788 974 est
811 946 862 993 -,
885 929 911 974 o.
923 907 1188 974 XXVI—XXIX
1209 909 1264 974 de-

208 1017 335 1093 sumpta
368 1031 439 1078 esse
464 1012 571 1079 iudico
605 1033 624 1079 e
658 1013 810 1097 Cyziceni
840 1013 1004 1080 helleuiois
1033 1033 1127 1098 quem
1155 1013 1264 1080 Attalo

208 1121 364 1196 regnante
380 1116 513 1183 ¹‹Iemnm
546 1119 645 1184 libros
668 1119 895 1204 conscripsisse
924 1125 1069 1202 constat,
1097 1119 1145 1184 ita
1168 1125 1201 1184 ut
1223 1140 1264 1184 ex

209 1215 256 1280 eIs
283 1237 486 1305 quoscunque
508 1223 651 1288 nominat
680 1223 868 1289 Plutarchus
891 1230 1037 1290 auctores
1065 1223 1173 1291 hausti
1193 1244 1264 1290 esse

207 1321 339 1404 possint.
382 1324 609 1393 Eratosthenes
631 1328 733 1413 euim,
766 1329 820 1413 qui
842 1329 983 1396 omnium
1004 1335 1183 1414 postremus
1205 1335 1263 1414 est,

208 1424 287 1510 ipsis
309 1427 465 1496 Neanthis
485 1433 681 1516 temporibus
702 1431 817 1500 floruit.

294 1529 364 1597 Iam
394 1554 471 1600 vero
493 1537 674 1621 quaeritur,
707 1536 783 1621 quid
813 1537 855 1603 sit
885 1536 1091 1604 indicandum
1114 1538 1155 1604 de
1176 1539 1265 1604 fonte

210 1651 333 1720 eorum,
356 1657 439 1720 quae
461 1639 671 1707 Stesimbroto
694 1649 726 1708 et
746 1641 968 1728 Theophrasto
990 1643 1171 1728 nominatis,
1192 1644 1265 1709 Plu-

209 1738 336 1816 tarchus
358 1743 446 1810 stin.
468 1765 495 1810 c.
507 1747 618 1812 XXIV
630 1754 662 1813 et
682 1748 774 1813 initio
793 1768 820 1813 c.
838 1748 933 1813 XXV
953 1747 1090 1833 scripsit.
1133 1748 1263 1814 Stasim-

210 1842 294 1909 hroti
315 1847 400 1912 enim
423 1851 641 1917 narrationum
659 1853 794 1918 alteram
815 1851 908 1918 alteri
931 1851 979 1917 ita
990 1853 1171 1938 oppositam
1183 1872 1264 1937 esse,

209 1955 246 2030 ut
266 1950 295 2014 si
317 1952 404 2035 prior
433 1975 509 2021 vera
537 1957 579 2022 sit
612 1958 715 2023 altera
750 1956 855 2023 locum
887 1958 1016 2023 omnino
1047 1957 1166 2023 habere
1200 1979 1264 2025 non

210 2057 331 2140 possit,
360 2057 550 2127 Plutarchus
577 2062 646 2147 ipse
676 2061 777 2146 uidit,
809 2082 881 2127 enm
905 2061 1010 2128 dicat:
1045 2063 1097 2125 αι’
1120 2059 1179 2126 οὐκ
1203 2063 1264 2126 olel

211 2156 301 2233 ὅπως
322 2160 564 2244 ἐπιλαθόμενος
574 2167 703 2244 τούτων,
726 2169 747 2251 ἢ
768 2166 823 2230 τὸν
834 2165 1050 2246 Θεμιστοκλέα
1072 2172 1176 2232 ποιῶν
1197 2167 1265 2232 ἐπι·

211 2261 401 2346 λαθόμενον
436 2267 573 2332 πλεῦσαί
606 2290 703 2356 φησιν
731 2271 776 2344 εἰς
805 2271 956 2334 Σικελίαν
986 2295 1015 2337 κ.
1037 2295 1061 2335 a.
1086 2270 1114 2338 λ.
1165 2269 1266 2340 Nobis

209 2369 339 2452 quidem
373 2374 450 2456 qniu
472 2374 580 2440 fictum
613 2376 655 2442 sit
687 2377 749 2442 iter
776 2376 856 2441 illud
878 2375 1018 2443 Siculum
1040 2377 1173 2443 dubium
1195 2397 1265 2444 csse

210 2474 320 2557 nequit
339 2484 470 2562 propter
491 2479 682 2564 optimorum
703 2481 893 2565 scriptorum
915 2481 1076 2546 silentium
1098 2480 1265 2567 etThucy·

211 2574 326 2643 dideae
349 2582 541 2649 narrationis
564 2583 800 2669 diversitatem
823 2604 926 2668 neque
947 2584 1060 2668 fugere
1081 2591 1200 2670 potest,
1231 2585 1266 2651 id

211 2681 296 2762 quod
317 2683 431 2751 Miller
453 2685 510 2774 cll,
532 2688 589 2774 54)
611 2689 743 2774 monuit,
765 2690 826 2756 iter
847 2688 927 2754 illud
947 2688 991 2754 ad
1012 2690 1134 2757 Persici
1156 2689 1265 2755 simili-

210 2784 354 2851 tudinem
376 2808 446 2856 esse
467 2790 667 2860 adornatum.

277 2891 370 2969 Quod
391 2914 467 2960 vero
490 2896 582 2963 addit
609 2899 659 2965 vir
680 2898 735 2964 ille
758 2896 975 2965 doctissimus:
1011 2897 1180 2984 „Attamen
1202 2919 1266 2965 non

212 2989 334 3060 invenit
376 3017 442 3065 rem
487 2999 730 3086 Stesimbrotus,
771 2999 829 3066 sed
868 3000 1099 3068 Timocreontis
1138 3001 1267 3086 Rhodii,

212 3095 275 3162 nIsi
303 3097 418 3166 lalelht
452 3103 651 3189 coniectura,
680 3113 857 3170 commento
886 3123 963 3170 usus
985 3110 1052 3188 est,
1082 3103 1136 3186 qui
1165 3102 1266 3170 Suida

210 3204 291 3267 teste
324 3203 448 3291 ἔγραψε
482 3205 655 3294 κωμῳδίαν
682 3208 728 3282 εἷς
751 3206 969 3290 Θεμιστοκλέα
999 3213 1053 3270 καὶ
1084 3206 1268 3291 Σιμωνίδην

211 3323 298 3389 sequ.
321 3329 472 3395 sagacem
495 3314 708 3380 coniecturum
731 3332 802 3380 esse
825 3311 975 3394 concedo,
997 3311 1055 3378 sed
1077 3333 1167 3378 mera
1189 3333 1266 3378 con-

212 3410 334 3479 iectura
362 3423 411 3481 est
441 3437 524 3501 quae
557 3405 651 3486 certis
686 3419 801 3504 quibus
823 3417 973 3484 fulciatur
994 3417 1192 3501 argumentis
1215 3438 1266 3483 ea-

210 3523 259 3582 ret
272 3517 306 3604 ¹).

275 3627 348 3692 Nou
378 3629 498 3696 maiore
531 3631 594 3698 fide
629 3631 730 3716 dIgna
763 3637 812 3696 est
841 3630 982 3696 narratIo
1005 3649 1101 3712 quam
1125 3629 1216 3694 initio
1239 3648 1266 3693 o.

211 3733 306 3798 XXV
327 3734 517 3803 Plutarchus
545 3736 759 3824 Theophrasti
790 3736 980 3801 auctoritate
1017 3733 1105 3799 nisus
1137 3733 1267 3818 profert,

212 3835 475 3926 ThemIstoclem,
498 3861 570 3908 cum
591 3843 690 3909 Hiero
713 3841 897 3928 Olympiam
919 3858 1017 3922 equos
1040 3837 1179 3903 misisset
1201 3857 1266 3902 cer-

212 3946 333 4008 taturos
370 3945 505 4013 tumultu
543 3952 653 4013 contra
685 3945 881 4032 Syracusani
915 3943 1076 4008 ministros
1108 3943 1266 4009 concitato

215 4047 358 4115 oratione
380 4071 401 4116 a
423 4050 555 4118 Graecis
583 4053 776 4137 postulasse,
809 4057 844 4115 ut
875 4047 1116 4116 tabernaculum
1138 4046 1268 4132 tyranni

286 4264 312 4333 l)
331 4263 381 4318 cir.
400 4263 483 4329 conl,
506 4264 526 4320 l.
545 4264 564 4320 l.
586 4281 650 4335 pag.
668 4264 711 4318 44.
