2954 4772
756 321 799 388 70

252 499 427 583 spoliarent
468 517 550 565 neve
584 517 682 582 equos
720 497 789 562 eius
826 495 869 562 ad
899 503 1060 562 certamen
1091 489 1308 560 admitterent.

249 602 505 689 Theophrastum
527 603 612 668 enim
635 601 714 668 haee
736 602 925 668 referentem
946 619 1071 667 errasse
1093 593 1205 681 rideri,
1226 596 1308 680 quia

250 709 406 794 Dionysio
428 709 542 776 maiori
562 708 647 774 idem
668 707 753 774 ludis
774 707 972 793 Olympiacis
994 703 1163 789 acciderit,
1192 702 1306 790 (Diod.

250 813 341 898 XIV,
373 813 459 900 109.)
490 813 528 879 Α.
566 811 738 897 Schaler1)
775 813 991 879 demonstrare
1030 807 1166 892 studuit3
1198 827 1307 892 neque

249 916 356 984 iacere
387 937 536 1004 possum,
569 917 645 1001 quin
677 917 876 1000 argumentis
908 915 977 982 eins
1004 930 1155 981 assensus
1177 919 1209 978 et
1232 912 1306 998 ipse

248 1027 371 1107 putem,
399 1021 483 1088 hauc
506 1020 722 1087 narrationem
743 1019 786 1085 ad
808 1020 898 1086 alind
919 1027 1044 1105 tempus
1064 1018 1209 1102 aliasque
1230 1037 1306 1103 per-

248 1145 344 1191 sonas
366 1125 542 1210 pertinere,
570 1124 616 1190 ita
647 1129 755 1189 tamen
785 1130 819 1188 ut
841 1145 906 1190 uon
927 1123 1148 1208 Theophrasto
1170 1122 1231 1188 hoo
1255 1121 1306 1186 vi-

248 1229 327 1294 tium
349 1229 542 1314 adscribam,
565 1227 623 1295 sed
645 1228 982 1295 aPluterehiauctore
1004 1225 1206 1295 commissum
1229 1247 1306 1293 esse

247 1341 364 1420 putem.
416 1336 527 1417 Neque
556 1333 676 1399 maiore
706 1353 777 1398 cnm
808 1334 876 1398 veri
905 1332 1011 1419 specie
1032 1332 1075 1399 ad
1103 1330 1223 1399 fontem
1254 1333 1304 1398 hi-

246 1439 397 1504 storicum
419 1437 615 1521 reseruntur,
644 1457 727 1520 quae
750 1456 776 1502 c.
797 1438 895 1503 XXX
917 1443 950 1503 et
970 1433 1085 1502 XXXI
1105 1457 1135 1502 r.
1160 1438 1201 1502 14
1223 1457 1303 1521 pag.

246 1541 312 1607 250
347 1539 387 1605 cd
414 1541 476 1624 γὰρ
499 1537 709 1623 πλανώμενος
730 1563 758 1604 a.
781 1564 806 1604 a.
827 1538 856 1605 λ.
879 1548 1066 1628 narrantur,
1093 1540 1305 1609 Themistocli

244 1646 288 1712 ad
309 1667 397 1712 mare
418 1645 641 1732 proficiscenti,
662 1651 696 1711 nt
718 1651 828 1712 eontra
850 1646 992 1713 Graecos
1014 1646 1133 1713 bellum
1156 1653 1301 1732 pararet,

244 1752 287 1817 ab
309 1752 446 1837 Epixye,
469 1749 642 1837 superioris
665 1750 828 1835 Phrygiae
850 1756 998 1837 satrape,
1020 1771 1078 1838 per
1100 1751 1229 1818 Pisidas
1250 1752 1302 1818 in-

242 1855 342 1923 sidias
365 1877 435 1923 esse
457 1856 641 1940 collocatas,
663 1855 819 1940 equibus
841 1856 955 1922 mirum
983 1856 1018 1922 in
1039 1856 1166 1927 modum
1190 1878 1300 1924 serva-

242 1968 308 2028 tum
338 1961 562 2047 Dindymenae
590 1959 705 2026 aedem
737 1980 863 2027 sacram
896 1962 1084 2046 Magnesiae
1120 1961 1300 2030 dedicasse.

241 2068 342 2133 Nemo
372 2067 456 2132 enim
488 2071 617 2151 praeter
637 2064 843 2132 Plutarchum
865 2067 958 2134 nohis
979 2064 1130 2152 tradidit,
1151 2068 1299 2135 Themis-

241 2170 356 2236 toclem
378 2189 412 2235 re
433 2189 511 2236 vera
534 2168 574 2233 de
596 2168 681 2234 bello
695 2168 828 2235 Graecis
850 2168 1016 2236 inserendo
1038 2171 1215 2255 cogitasse3
1239 2172 1299 2239 alii

240 2291 350 2341 omnes
371 2273 478 2360 potius
500 2272 735 2360 (Thucydides,
758 2274 882 2359 Nepos,
905 2273 1082 2359 Diodorus,
1103 2276 1297 2343 Plutarchus

241 2379 310 2465 ipse
331 2379 397 2446 alio
419 2379 505 2466 loco)
527 2383 626 2443 testes
649 2383 737 2463 sunt,
768 2398 840 2444 eum
862 2399 902 2444 ea
923 2380 995 2464 ipsa
1018 2381 1058 2446 dc
1080 2401 1194 2461 causa,
1218 2385 1298 2466 quia

240 2482 310 2566 regi
331 2483 489 2569 promissa
508 2487 673 2568 praestare
695 2501 759 2548 nou
781 2488 905 2567 posset,
927 2482 1141 2549 voluntariam
1163 2493 1298 2552 mortem

239 2587 302 2653 sibi
336 2587 489 2653 intulisse.
534 2586 638 2669 Atque
667 2585 877 2654 incertissimo
908 2586 1114 2656 fundamento
1136 2591 1195 2655 niti
1221 2593 1297 2658 Plu·

239 2692 384 2758 tarchum
412 2691 452 2757 de
474 2689 700 2776 Dindymenae
729 2687 810 2758 aede
832 2711 925 2758 saera
947 2693 1152 2780 referentem,
1181 2716 1222 2761 ex
1245 2699 1295 2764 eis

238 2818 322 2882 quae
344 2795 533 2884 Pinclrinsl)
557 2795 597 2862 de
620 2794 681 2861 hac
703 2795 784 2862 aede
810 2797 943 2863 contulit
964 2798 1044 2865 satis
1066 2799 1174 2884 liquet.
1218 2802 1295 2870 Per-

237 2903 341 2970 tiueut
361 2901 572 2978 autemhaec
606 2900 715 2966 omnia
737 2901 780 2966 ad
803 2902 1060 2970 narratiunculas
1082 2903 1177 2988 istas,
1208 2926 1294 2988 quae

236 3030 257 3072 a
279 3007 489 3092 posteriorum
521 3011 698 3091 temporum
721 3005 929 3092 scriptoribus
955 3009 1050 3074 certis
1073 3009 1168 3076 nullis
1191 3031 1294 3094 argu-

237 3112 353 3179 mentis
376 3111 456 3180 nisis
478 3109 557 3176 satis
574 3110 693 3176 multae
715 3110 866 3178 inventae
887 3112 1025 3179 suntad
1047 3114 1294 3182 Themistoclem

236 3214 461 3282 celebrandum
483 3220 516 3280 et
538 3213 737 3299 augendum,
764 3221 820 3280 aut
842 3214 886 3280 ad
905 3221 1007 3282 artem
1029 3216 1221 3283 rhetoricam
1243 3219 1291 3305 ip-

229 3312 592 3404 'sorum‘exeroendam
615 3319 730 3402 quibus
753 3327 905 3403 quantum
925 3319 1003 3386 fidei
1024 3321 1065 3386 sit
1086 3321 1290 3389 tribuendum

235 3427 287 3492 vel
319 3445 383 3491 non
416 3422 618 3490 tribuendum
652 3443 715 3489 non
749 3430 798 3490 est
831 3423 915 3508 quod
944 3425 1042 3510 longa
1074 3425 1289 3507 disputatione

234 3531 286 3596 hic
308 3527 507 3615 probandum
530 3527 580 3594 sit.
624 3527 705 3593 Inde
727 3549 749 3593 a
769 3529 876 3595 verbis
900 3550 988 3595 vero:
1018 3528 1056 3593 od
1075 3529 1137 3612 γὰρ
1161 3530 1289 3595 πλανώ-

233 3654 328 3716 μενος
350 3637 423 3715 nepe
444 3633 499 3717 τὴν
518 3629 629 3696 Ἀσίαν
652 3631 696 3717 (v.
709 3633 760 3717 14,
781 3654 813 3717 p.
836 3633 1114 3719 aemulatorem
1136 3635 1180 3700 ad
1190 3637 1289 3703 alium

234 3746 395 3805 auctorem
431 3737 574 3820 transiit,
609 3735 733 3821 dequo
767 3743 938 3823 antequam
959 3739 1177 3824 quaestionem
1200 3741 1287 3809 insti·

307 4085 332 4153 l)
347 4085 384 4136 h.
405 4083 534 4147 Schitler,
564 4083 594 4136 in
612 4082 714 4138 Philol.
733 4085 825 4141 XVIII
846 4102 909 4154 pag.
931 4086 981 4138 187
1001 4103 1079 4154 sequ.
1098 4085 1225 4152 Curtius,
1250 4086 1285 4152 Il,

232 4176 292 4238 736,
312 4175 355 4227 59.
375 4172 402 4228 ai
421 4190 478 4228 non
496 4172 659 4229 aasenIItur.

301 4263 328 4331 2)
350 4262 447 4326 Pinclr,
465 4262 484 4315 l.
505 4261 524 4315 l.
544 4279 610 4332 pag.
632 4264 692 4319 107.
