2954 4772
712 337 756 411 43

206 512 415 602 Hellesponto
437 515 588 586 fecissent
617 539 689 587 esse
723 517 893 586 delendum
917 519 1152 606 exercitumque
1175 517 1262 604 regis

208 618 295 686 fame
316 627 349 687 et
370 622 455 690 ferro
478 624 738 712 opprimendum,
761 626 979 712 Eurybiadem
1010 647 1086 693 vero
1109 626 1262 709 reliquos·

208 743 270 808 que
292 725 404 814 duces,
426 749 497 796 cum
518 737 672 815 quantum
693 731 769 798 inde
792 731 925 799 Graecis
947 729 1127 798 redundare
1155 735 1265 816 posset

208 831 382 915 periculum
405 835 570 925 vidissent,
592 835 817 904 Themistoclis
839 836 1174 921 consiliisobstitissc3
1202 835 1262 901 ita·

209 956 270 1021 que
291 939 397 1028 illum,
431 962 503 1009 cum
526 944 738 1010 intellexisset
767 942 980 1009 Athenienses
1003 943 1088 1009 solos
1114 939 1148 1008 id
1170 943 1262 1028 perfi-

209 1062 279 1112 cere
300 1068 365 1114 uon
388 1069 500 1135 posse,
522 1049 628 1135 ipsum
650 1049 737 1116 cives
760 1047 962 1116 dehortatum
984 1069 1072 1135 esse,
1094 1070 1135 1116 ne
1156 1049 1263 1118 Persis

206 1151 319 1238 lugam
352 1153 615 1240 intercluderent,
659 1155 792 1239 regique
829 1158 975 1221 nuntium
1005 1155 1096 1221 illum
1128 1155 1262 1224 misisse.

208 1256 368 1325 Diodorus
390 1258 528 1344 denique
549 1265 581 1326 et
602 1259 793 1326 Plutarchus
814 1259 1010 1345 scripserunt
1026 1261 1168 1328 Xerxem
1180 1259 1263 1328 une

208 1364 363 1430 mistoelis
394 1365 505 1431 nuntio
538 1372 670 1451 accepto
708 1386 804 1451 quam
843 1365 1006 1433 celerrime
1020 1365 1044 1453 ¹)
1078 1365 1191 1451 fugam
1221 1365 1265 1432 ad

207 1466 451 1555 Hellespontum
472 1489 622 1555 parasse,
645 1470 688 1535 ab
710 1469 873 1537 Herodoto
889 1476 1000 1536 contra
1014 1469 1170 1555 audimus,
1191 1488 1264 1536 eum

208 1572 330 1660 proelio
353 1572 439 1640 iacto
463 1573 574 1660 fugam
597 1575 784 1641 meditatum
808 1595 887 1662 esse,
909 1576 1073 1642 timentem
1095 1575 1265 1643 neGraeci

208 1685 338 1764 pontem
359 1679 587 1767 dissolverent,
609 1681 667 1747 sed
688 1681 722 1746 id
745 1682 912 1749 eonsilium
935 1682 1058 1754 celasse
1085 1687 1117 1748 et
1139 1701 1159 1746 a
1181 1681 1265 1747 Mar-

209 1783 306 1852 donio
329 1785 455 1853 demum
476 1792 667 1854 commotum
697 1807 784 1874 esse,
818 1793 853 1853 ut
885 1807 957 1853 cum
982 1793 1075 1874 parte
1105 1787 1264 1854 exercitus

207 1890 242 1955 iu
263 1891 376 1958 Asiam
397 1898 616 1960 reverteretur.

274 1996 341 2064 Sed
362 1997 443 2064 haec
477 1996 605 2083 quidem
635 1998 799 2064 hacteuus.
853 1996 940 2064 Satis
973 1995 1020 2064 eis
1054 2016 1138 2082 quae
1171 1994 1263 2061 attuli

208 2104 363 2189 probasse
395 2104 475 2171 mihi
503 2103 615 2172 videor
643 2104 850 2171 Plutarchum
880 2109 912 2169 ct
944 2102 1120 2170 Diodorum
1152 2099 1265 2168 eodem

209 2209 298 2278 fonte
319 2211 396 2297 niti,
425 2217 571 2278 neutrum
599 2231 675 2279 vero
697 2210 854 2278 Herodoti
875 2209 973 2277 libros
1002 2210 1036 2278 in
1058 2228 1151 2275 usum
1172 2228 1264 2274 suum

209 2316 420 2402 convertisse,
443 2336 541 2401 quare
563 2337 665 2402 nunc,
688 2337 770 2400 quae
793 2314 834 2381 de
853 2313 968 2382 Iustini
991 2320 1023 2382 et
1041 2314 1175 2400 Nepotis
1195 2311 1265 2379 fon·

208 2422 294 2488 tibus
325 2422 359 2488 in
389 2429 538 2508 promptu
570 2421 676 2488 habeo
700 2420 779 2486 mihi
808 2418 975 2485 afferenda
1005 2425 1086 2486 sunt.
1159 2417 1265 2502 Supra

208 2528 274 2595 iam
296 2528 452 2614 vidimus,
475 2548 545 2595 esse
569 2547 624 2594 cur
646 2533 849 2614 putaremus,
878 2526 1034 2592 lustinum
1055 2524 1131 2591 inde
1153 2544 1174 2589 a
1195 2542 1265 2588 ver·

209 2635 276 2702 bis:
306 2655 464 2720 „namque
494 2633 708 2700 Athenienses
737 2638 811 2718 post
832 2652 974 2719 pugnam
1006 2627 1263 2697 Marathoniam“

209 2738 518 2828 sequ.(o.12,12)
552 2739 761 2825 Theopompo
792 2757 884 2803 nsum
913 2755 1001 2822 esse,
1034 2754 1138 2821 neque
1159 2735 1264 2800 minus

207 2845 332 2930 reliqua
361 2864 443 2929 quae
464 2843 564 2910 habet
586 2843 759 2929 depugna
782 2841 891 2908 navali
913 2840 959 2907 ita
982 2846 1168 2928 comparata
1182 2845 1265 2925 sunt,

209 2953 370 3032 utusque
393 2968 434 3014 ex
456 2947 585 3033 llphoro
608 2967 712 3031 neque
736 2967 776 3012 ex
795 2945 958 3012 Herodoto
980 2943 1111 3013 fluxisse
1133 2944 1266 3032 possint.

211 3050 352 3117 Causam
364 3051 449 3118 enim
462 3071 525 3135 qua
537 3050 770 3118 Themistocles
787 3057 961 3117 commotus
983 3051 1025 3118 sit
1046 3057 1083 3117 ut
1097 3057 1172 3117 ante
1184 3069 1265 3136 png·
1393 3055 1398 3060 '

209 3174 286 3220 nam
307 3154 453 3221 nuntium
472 3156 516 3222 ad
537 3156 680 3221 Xerxem
700 3155 855 3240 mitteret,
876 3155 1017 3222 Iustinus
1040 3155 1201 3221 diversam
1223 3154 1266 3220 ab

209 3259 372 3328 Herodoto
406 3268 438 3327 et
466 3260 595 3347 Ephoro
626 3255 774 3346 exhibet,
805 3281 875 3327 cum
906 3259 993 3326 dicat
1024 3261 1156 3346 12,19:
1190 3258 1265 3345 „qui

210 3387 282 3434 cnm
304 3367 429 3434 deserto
451 3366 536 3434 bello
559 3366 602 3432 ad
625 3385 684 3432 sua
706 3364 826 3432 tuenda
849 3365 951 3431 dilabi
980 3365 1113 3451 vellent,
1150 3365 1266 3432 timens
1361 3431 1366 3436 .

208 3472 440 3541 Themistocles
476 3494 516 3539 ne
552 3473 694 3539 discessu
723 3474 883 3538 sectorum
916 3472 1002 3538 circs
1036 3472 1266 3554 minuerentur,

208 3599 266 3667 per
287 3599 414 3647 servum
442 3579 541 3646 fidum
570 3578 673 3645 Xerxi
701 3578 847 3646 nuntiat“
869 3597 957 3662 sequ.
1013 3576 1147 3644 Videtur
1168 3577 1267 3661 igitur

208 3683 325 3751 Iustini
353 3685 405 3752 vel
436 3685 536 3770 Trogi
566 3682 712 3769 Pompeii
742 3689 853 3750 auctor
882 3681 1025 3750 remita
1059 3682 1266 3769 intellexisse,

208 3794 243 3854 nt
269 3789 500 3856 Themistocles
533 3789 602 3876 ipse
636 3788 675 3855 de
705 3786 923 3874 relinquendis
958 3786 1049 3854 fretis
1079 3787 1265 3856 Salaminiis

209 3912 273 3959 non
287 3893 471 3979 cogitasset,
494 3892 661 3961 sedetiam
674 3898 747 3980 post
761 3893 918 3960 sociorum
934 3891 1110 3959 discessum
1121 3912 1265 3978 pugnam

283 4138 309 4209 l)
327 4137 410 4194 Diod.
430 4139 473 4206 19,
491 4140 517 4195 6.
540 4141 609 4211 ἔγνω
632 4137 694 4204 τὴν
718 4142 869 4213 ταχίστην
896 4139 1047 4210 διαβαίνειν
1065 4139 1093 4192 ta
1111 4137 1153 4205 τῆς
1170 4136 1265 4210 Εὐρώ-

207 4245 266 4294 πης.
301 4227 377 4285 Plut.
395 4248 423 4286 v.
441 4229 539 4286 Them.
558 4247 581 4286 c.
601 4229 676 4286 XVI.
696 4229 752 4285 dni
771 4230 895 4304 τάχους
923 4231 1034 4288 excerso
1052 4228 1096 4296 τὴν
1119 4228 1262 4305 despopo-

206 4334 263 4385 σινς
281 4336 307 4374 v.
331 4317 417 4375 Arist.
434 4337 457 4376 c.
477 4319 517 4375 X:
536 4318 635 4382 socer
651 4319 696 4374 sul
713 4319 758 4378 τὸν
772 4320 970 4398 ‘Elliouorrov
988 4318 1115 4398 riustyoro.
1190 4337 1204 4400 J
