2954 4772
692 323 733 390 75

183 501 353 586 inolescet,
379 499 546 586 excepisse
567 498 759 582 sanguinem
781 503 913 583 patera,
949 501 981 561 et
1002 513 1040 560 eo
1063 495 1138 577 poto
1160 504 1242 551 mor·

185 612 274 680 tuum
296 603 515 690 concidisse“,
538 604 635 670 dicit:
671 603 818 690 ,Dareus
851 600 977 686 ergieht
1008 596 1077 664 sich
1109 594 1143 661 in
1163 591 1241 658 Ver·

185 709 332 796 hindung
361 711 419 776 mit
432 709 522 775 -Plut
544 708 654 774 Them.
687 728 713 773 c.
736 708 796 791 31,
826 706 903 776 dass
924 701 1076 774 Plutarch
1107 699 1159 764 fdr
1180 697 1240 762 dae

185 813 277 882 Eudo
298 813 355 880 des
375 811 605 880 Themistocles
628 813 721 878 einen
744 832 809 880 von
831 809 948 878 beiden
970 801 1239 890 ausgeschriehen

185 915 279 1002 hau,
313 922 345 982 et
366 916 475 1002 paullo
510 922 600 1003 post:
639 916 706 1003 ,Im
736 914 869 980 chit'el
903 910 985 979 vvird
1016 905 1239 977 annunehmen

182 1020 269 1106 scin,
313 1020 388 1088 dass
423 1022 576 1089 Plutarch
611 1020 685 1088 dem
726 1019 930 1088 Kleitarchos
971 1011 1104 1100 folgte“.
1168 1009 1240 1074 Hoc

181 1125 312 1210 quidem
343 1125 412 1193 lieri
438 1127 580 1212 potuisse
615 1147 679 1192 non
702 1126 905 1210 negaverim,
938 1119 1109 1192 verisimile
1132 1119 1239 1182 autem

183 1231 262 1298 mihi
282 1227 369 1298 nullo
391 1230 485 1298 modo
507 1251 578 1298 esse
601 1229 735 1298 videtur.

246 1334 387 1401 Primum
407 1335 493 1400 enim
522 1335 556 1400 in
578 1333 677 1403 dubio
700 1331 945 1419 relinquendum
974 1335 1040 1414 est,
1073 1345 1149 1394 num
1170 1321 1236 1386 ullo

183 1440 311 1506 omnino
339 1437 413 1506 loeo
433 1439 624 1507 Plutarchus
646 1438 800 1506 Clitarchi
822 1439 921 1504 lihros
942 1431 1136 1521 inspexerit,
1158 1427 1237 1496 duo·

182 1545 241 1611 bus
274 1545 356 1624 locis
387 1545 472 1611 enim
498 1545 601 1613 solum
624 1544 749 1632 (Them.
777 1566 802 1611 e.
826 1546 866 1610 27
900 1549 944 1610 ct„
965 1565 996 1608 v.
1017 1539 1109 1606 Alex.
1130 1556 1156 1602 c.
1177 1531 1235 1618 46)

181 1670 255 1715 eum
276 1650 439 1734 nominat,
461 1649 519 1717 sed
541 1651 588 1716 ita
610 1656 763 1735 utroque,
787 1656 821 1716 ut
843 1669 957 1716 nomen
979 1647 1049 1714 eius
1070 1662 1141 1712 oum
1162 1637 1237 1706 aliis

179 1755 287 1822 multis
310 1755 511 1822 coniunctum
537 1756 679 1842 legatur,
711 1777 794 1840 quae
816 1775 857 1820 ne
878 1754 986 1824 omnic
1008 1771 1026 1818 c
1049 1748 1236 1833 scriptorum

178 1859 320 1946 ipsorum
341 1860 431 1926 libris
441 1860 631 1928 Plutarchus
653 1859 874 1946 desumpserit,
897 1880 961 1925 non
981 1863 1032 1926 est
1052 1849 1236 1922 verendum.

180 1965 209 2031 A
231 1965 393 2033 (llitaroho
416 1985 491 2032 vero
514 1953 785 2034 narratiunculam
805 1967 901 2033 istam
922 1983 987 2032 non
1008 1961 1144 2049 primum
1166 1974 1237 2022 esse

129 2153 132 2160 .
179 2071 413 2157 excogitatam,
446 2077 481 2136 ut
503 2072 574 2155 quis
599 2093 616 2138 e
639 2071 803 2138 Ciceronis
826 2071 881 2140 illo
912 2090 971 2136 suo
992 2069 1062 2134 iure
1084 2062 1236 2146 colligere

178 2180 306 2261 posset,
338 2173 397 2241 sed
430 2175 529 2241 multo
558 2176 648 2261 prius
682 2177 715 2242 in
737 2176 876 2245 Graecia
898 2174 996 2244 fuisse
1018 2169 1181 2255 cognitam
1203 2170 1236 2231 et

177 2286 397 2366 pervagatam,
420 2280 516 2366 plane
538 2287 674 2367 apparet
695 2301 713 2348 c
734 2281 879 2350 versibus
895 2274 1121 2363 Aristophanis
1137 2272 1235 2355 equit.

178 2407 208 2453 v.
233 2387 275 2452 84
297 2385 432 2453 dicentis
453 2385 616 2468 sticcor-
636 2383 713 2472 ἡμῖν
734 2385 815 2467 αἷμα
833 2385 981 2468 ταύρειον
1003 2391 1100 2464 πιεῖν,
1123 2376 1140 2439 ὃ
1166 2377 1233 2438 Θε-

177 2489 379 2572 μιστοκλέους
399 2491 462 2572 γὰρ
485 2489 633 2564 θάνατος
656 2487 868 2573 αἱρετώτερος,

244 2594 356 2679 ltaque
385 2594 413 2660 si
451 2613 592 2670 revera
624 2594 789 2668 Plutarchi
818 2594 875 2660 illa
905 2592 1034 2677 Ephoro
1069 2587 1235 2666 debentur,

179 2699 254 2764 licet
275 2699 374 2764 etiam
403 2699 512 2765 verbis
541 2699 610 2766 eius
641 2700 687 2765 uti
708 2699 752 2766 ad
773 2706 898 2784 tempus
920 2697 1030 2763 mortis
1050 2694 1119 2760 eius
1141 2710 1235 2756 aecu-

175 2801 276 2868 ratius
299 2800 527 2888 definiendnm,
554 2809 588 2868 et
615 2809 701 2869 reete
722 2803 857 2872 Schitt'er
893 2802 927 2888 (l.
949 2801 969 2866 l.
990 2819 1066 2886 pag.
1091 2797 1144 2884 12)
1178 2815 1233 2882 po·

175 2906 278 2973 suisse
311 2904 390 2970 mihi
422 2904 567 2971 videtur:
608 2907 699 2994 ,Ego
722 2912 833 2976 contra
861 2926 933 2970 cum
954 2902 1112 2988 Lydlato,
1145 2899 1233 2964 Dun-

176 3009 290 3093 chero,
314 3009 424 3075 Curtio
452 3009 699 3077 Themistoclem
721 3010 807 3076 circa
836 3011 876 3076 ol.
899 3007 1013 3074 LXIV.
1035 3005 1100 3072 524
1122 3010 1233 3069 natum

176 3133 246 3180 esse
268 3133 401 3202 censeo,
433 3119 591 3180 mortuum
612 3136 675 3199 quo
696 3120 839 3200 tempore
861 3110 1015 3198 Aegyptii
1037 3110 1079 3176 ah
1102 3109 1232 3175 Atheni·
1364 3149 1369 3166 .

175 3216 304 3282 ensibus
328 3217 432 3282 adiuti
454 3224 566 3283 contra
577 3221 791 3284 Artaxerxem
813 3217 1057 3299 rebellaverant,
1079 3212 1233 3300 proximis

176 3321 270 3388 annis
292 3327 366 3407 post
388 3322 428 3387 ol.
450 3323 584 3388 LXXX.
606 3323 701 3390 460“.

238 3425 330 3504 Quae
362 3426 501 3511 deniqne
534 3427 575 3495 de
597 3449 715 3512 genere
737 3427 981 3510 Themistoclis,
1014 3424 1146 3489 deloco
1169 3442 1231 3505 quo

173 3529 317 3613 sepultus
339 3530 390 3615 sit,
414 3529 453 3596 de
476 3531 658 3618 honoribus,
682 3534 797 3617 quihus
818 3537 891 3619 post
913 3536 1045 3596 mortem
1066 3528 1108 3593 sit
1129 3526 1233 3591 elatus

173 3653 243 3720 cap.
265 3633 396 3701 XXXII
417 3637 539 3723 profert
560 3638 767 3723 Plutarchus,
798 3657 838 3704 ex
871 3637 936 3702 alio
958 3635 1046 3702 fonte
1068 3632 1099 3697 ei
1121 3651 1232 3696 mana-

171 3746 292 3806 verunt
336 3740 410 3827 Ipse
432 3741 517 3806 enirn
540 3748 637 3808 testes
659 3744 803 3809 nominat
824 3743 1002 3823 Platonem,
1023 3733 1231 3819 Andocidem,

175 3841 399 3928 Phylarchum,
421 3844 599 3911 Diodorum
619 3847 814 3932 periegeten,
837 3864 970 3930 quorum
993 3841 1069 3925 quin
1091 3838 1230 3906 Andoci-

172 3942 245 4009 dem
268 3951 307 4012 et,
321 3945 535 4030 Phylarchum
568 3969 632 4014 non
654 3950 724 4035 ipse
747 3950 900 4017 evolverit
931 3947 1063 4014 dubium
1085 3963 1149 4009 non
1170 3948 1229 4028 est,

170 4050 248 4132 quia
271 4048 344 4116 ideo
368 4057 491 4118 tantum
514 4074 570 4119 eos
592 4054 704 4141 affert,
729 4062 764 4120 ut
785 4054 926 4122 breviter
947 4050 1024 4136 quid
1045 4047 1230 4134 scripserint

169 4152 295 4220 refutet.
339 4156 430 4248 Quae
452 4165 560 4227 autern
572 4159 714 4226 Diodoro
737 4161 854 4229 tribuit,
869 4161 916 4244 ita
939 4160 1126 4243 comparata
1145 4158 1228 4238 sunt,

169 4264 203 4323 ut
226 4265 282 4350 aut
303 4259 389 4344 apud
412 4261 501 4336 illum
524 4263 627 4349 ipsum
650 4272 707 4331 aut
738 4266 825 4351 apud
848 4262 1016 4331 Atthidum
1038 4260 1227 4344 scriptorum
