2954 4772
707 319 755 400 24

201 528 278 590 num
298 507 464 593 leguntur,
496 527 517 573 a
538 503 681 573 Diodoro
708 509 816 572 autem
844 503 965 573 omissa
988 510 1072 574 suut.-
1120 501 1256 571 Videtur

200 615 300 700 igitur
329 613 438 699 aliquo
456 613 526 680 iure
556 609 633 678 iude
654 610 802 678 concludi
822 630 936 698 posse,
966 611 1131 698 Ephorum
1162 630 1258 695 quem

201 719 364 789 Diodorus
392 724 544 803 sequatur
587 717 668 784 haec
697 718 873 804 perscripta
895 738 960 784 non
981 716 1152 805 habuisse,
1184 718 1258 784 Plu-

202 826 348 893 tarchum
366 825 466 909 igitur
496 830 528 891 et
554 823 712 890 Iustinum
730 843 774 890 ex
796 820 958 890 Herodoto
987 822 1143 890 hausisse.
1197 823 1258 889 lti-

202 932 288 1000 nime
316 937 424 997 tamen
454 929 515 996 hoc
548 927 625 995 iude
657 928 872 1012 colligendum
903 934 960 995 est
1009 928 1152 995 Primum
1173 929 1259 995 euim

204 1035 330 1105 Siculus
351 1041 419 1101 tam
441 1034 644 1120 negligenter
665 1053 762 1121 saepe
785 1038 946 1100 auctorem
975 1055 1068 1101 suum
1089 1035 1260 1121 exscripsit

205 1145 279 1208 ute
312 1140 439 1206 silentio
473 1140 542 1206 eius
573 1138 653 1205 nihil
676 1138 716 1205 de
749 1138 848 1205 tontis
870 1159 988 1224 genere
1017 1138 1164 1206 concludi
1186 1159 1260 1227 pos·

204 1245 263 1330 sit,
296 1243 412 1312 deinde
441 1249 515 1311 suut
545 1244 643 1310 etiam
673 1242 760 1329 apud
780 1243 957 1311 Diodorum
988 1245 1112 1333 ipsum,
1144 1247 1259 1330 quihus

204 1349 368 1437 Ephorum
390 1369 515 1435 quoque
526 1349 751 1416 Themistoclis
772 1349 982 1416 calliditatem
1003 1351 1092 1417 illam
1107 1351 1260 1438 scriptam

204 1453 406 1523 habuissent
422 1459 578 1541 putemus,
600 1452 798 1520 inducamur.
840 1453 879 1520 Iu
891 1474 961 1540 cap.
974 1454 1024 1521 17.
1041 1455 1125 1521 euim
1136 1456 1167 1521 3.
1183 1461 1215 1522 et
1229 1454 1260 1521 4.

205 1566 333 1649 narrat,
362 1559 476 1626 Ionum
505 1558 604 1626 duces
631 1565 706 1626 autc
736 1579 880 1646 pugnarn
909 1559 1120 1628 Salaminiam
1147 1560 1260 1627 initam

205 1666 349 1736 Samium
372 1664 531 1751 quendam
553 1664 597 1732 ad
619 1665 760 1733 Graecos
781 1665 922 1751 misisse,
945 1666 1001 1750 qui
1022 1663 1062 1732 de
1083 1671 1151 1733 tota
1172 1666 1261 1751 regis

206 1773 277 1840 acie
308 1779 404 1857 atque
432 1773 575 1858 ipsorum
606 1771 786 1839 detectione
819 1772 970 1838 certiores
998 1771 1071 1838 illos
1100 1770 1259 1859 redderet,

207 1877 369 1966 (περὶτῆς
390 1875 467 1963 ὅλης
487 1875 658 1961 institisse,
687 1880 742 1939 sal
763 1874 845 1941 διότι
867 1877 948 1940 κατὰ
970 1875 1026 1962 τὴν
1046 1877 1153 1963 μάχην
1174 1873 1261 1941 oino-

207 1980 372 2068 otp'oovrm
393 1985 457 2046 τῶν
477 1981 670 2066 βαρβάρων)
710 1981 745 2047 id
776 1983 881 2069 ipsum
903 1987 1009 2050 autem
1029 1981 1260 2050 Themistocles

205 2087 468 2175 inscriptionibus
489 2088 554 2154 illis
575 2087 812 2174 postulaverat,
841 2092 876 2154 ut
907 2094 964 2155 aut
996 2108 1017 2154 a
1037 2088 1186 2156 barbaris
1208 2087 1262 2155 de·

133 2199 135 2202 ’
206 2191 354 2279 deerant,
376 2199 446 2280 aut,
469 2193 498 2262 si
519 2194 555 2261 id
575 2193 645 2260 lieri
667 2193 830 2278 nequiret,
851 2193 935 2259 inter
954 2193 1166 2279 pugnandum
1186 2194 1260 2260 bar·

207 2297 296 2367 baris
318 2303 472 2384 quantum
493 2298 564 2365 fieri
596 2303 705 2384 posset
730 2302 890 2365 nocerent.
952 2299 1002 2366 Ne
1030 2319 1107 2367 vero
1138 2300 1262 2367 dubite-

207 2423 278 2472 mus
300 2404 378 2490 quin
395 2404 456 2472 hoo
471 2402 515 2470 ad
535 2403 759 2490 inscriptiones
781 2423 895 2470 revera
908 2402 1111 2471 referendum
1123 2406 1175 2492 sit,
1185 2406 1263 2477 Dio·

209 2507 306 2575 dorus
337 2505 444 2576 addit:
477 2504 495 2571 d
529 2510 590 2590 pir
625 2504 866 2592 separantes,
894 2507 993 2576 acad
1024 2513 1122 2573 νοῦν
1155 2507 1263 2598 αὐτῷ

210 2609 572 2697 προκεχωρηκότος
600 2615 671 2675 τοῦ
706 2610 1055 2697 στρατηγήματος,
1089 2616 1263 2701 περιχαρὴς

208 2711 258 2802 ἦν.
310 2715 493 2783 Herodotus
513 2721 624 2783 contra
645 2721 769 2782 tantum
790 2718 898 2803 abest,
926 2723 962 2784 ut
982 2717 1078 2786 lones
1096 2719 1132 2784 iu
1153 2739 1264 2806 pugna

210 2839 231 2888 a
262 2819 371 2888 Persis
403 2819 561 2888 deiecisse
593 2820 771 2908 scripserit,
814 2827 849 2889 ut
881 2828 1011 2909 propter
1045 2822 1264 2891 fortitudinem

209 2944 334 2993 summa
354 2925 451 2995 laude
471 2947 492 2993 a
513 2946 591 3012 rege
613 2947 668 2995 eos
691 2928 868 2995 celebratos
891 2947 962 2995 esse
980 2934 1092 2996 auctor
1111 2930 1168 3017 sit,
1191 2951 1263 2997 eum

208 3029 350 3099 lustinus
372 3031 413 3100 de
434 3032 496 3100 hac
518 3053 642 3119 quoque
664 3054 699 3101 re
721 3054 794 3101 cum
813 3033 956 3102 Diodoro
979 3035 1159 3103 consentiat
1179 3036 1265 3122 quod

210 3136 333 3224 etipse
355 3137 434 3204 dicit
453 3138 505 3224 12,
522 3137 580 3206 25:
603 3138 705 3226 „Cum
727 3158 846 3225 anceps
867 3139 1025 3225 proelium
1047 3149 1148 3225 esset,
1167 3140 1264 3208 Ioues

208 3239 301 3309 iuxta
328 3247 500 3328 praecepta
521 3242 761 3328 Themistoclis,
793 3262 924 3328 pugnae
952 3263 988 3310 se
1012 3242 1169 3330 paulatim
1190 3244 1265 3311 sub·

207 3345 336 3415 trahere
367 3349 568 3435 coeperunt.“
645 3350 696 3415 De
725 3348 834 3414 verbis
863 3347 991 3432 quidem
1020 3349 1099 3434 ipsis
1129 3367 1151 3413 a
1179 3349 1264 3415 The·

209 3450 354 3519 mistocle
374 3451 537 3539 lapidibus
558 3451 680 3542 incisis,
702 3456 839 3536 quantus
862 3457 967 3518 exstet
987 3457 1020 3518 et
1039 3450 1209 3518 Plutarcho
1233 3455 1265 3518 et

210 3557 333 3626 Iustino
355 3577 427 3625 cum
448 3555 611 3624 Herodoto
633 3575 824 3643 consensus,
847 3555 1029 3640 legentibus
1050 3554 1196 3638 relinquo
1217 3553 1264 3622 in·

211 3661 452 3748 vestigandum
474 3660 556 3728 nihil
578 3659 664 3727 enim
685 3659 761 3726 inde
783 3659 951 3746 probatur,
984 3658 1048 3725 uisi
1077 3659 1163 3744 quod
1185 3678 1266 3727 sem·

211 3786 270 3856 per
290 3765 466 3836 tenendum
488 3770 551 3853 est,
572 3766 737 3852 Ephorum
757 3765 791 3832 in
814 3763 985 3831 scribenda
1005 3763 1093 3832 illius
1114 3764 1267 3852 temporis

211 3872 365 3943 memoria
395 3868 551 3940 Herodoti
582 3870 681 3937 libros
720 3892 778 3957 pro
817 3868 1025 3938 fundamento
1063 3869 1268 3939 historiarum

209 3980 393 4068 sumpsisse.
1307 4043 1308 4046 ,

276 4086 368 4168 Quae
391 4083 531 4153 breviter
559 4080 677 4151 deinde
705 4102 726 4148 a
748 4081 919 4150 Plutarcho
951 4080 1036 4169 (cap.
1056 4079 1107 4148 IX
1135 4101 1167 4167 p.
1188 4082 1268 4171 228)

215 4195 418 4280 exponuntur
427 4187 567 4256 Xerxem
587 4185 692 4272 siguis
713 4185 1032 4274 auhermopylarum
1045 4184 1193 4255 faucibus
1202 4206 1269 4254 mo·

212 4300 254 4370 tis
275 4299 337 4368 iter
357 4316 416 4370 ner
436 4294 591 4367 Doridem
615 4299 648 4362 st
670 4291 885 4364 Phoceusium
905 4294 986 4363 lines
1009 4290 1136 4379 iecisse,
1165 4297 1202 4359 ut
1222 4297 1270 4360 to·
