2954 4772
726 328 768 396 47

220 503 373 590 ἅπαντες)
396 501 445 569 illi
466 500 628 569 contraria
651 501 763 588 affert,
786 501 841 587 qni
863 500 983 587 apertis
1005 501 1112 570 verbis
1134 503 1275 572 affirmat

222 605 442 696 (VIII,124):
475 603 521 669 ὅτι
555 604 591 668 δὲ
628 607 726 668 νικῶν
759 602 817 669 orla
850 604 985 691 cappae
1015 604 1275 696 (Themistocles)

223 714 305 799 πρὸς
324 712 387 776 τῶν
415 712 452 776 ἐν
474 710 636 794 Σαλαμῖνι
666 710 949 796 ναυμαχησάντων.
1017 711 1111 791 Quod
1140 710 1277 800 denique

222 818 413 885 Plutarchus
442 837 512 884 cnm
541 815 704 884 Herodoto
734 822 948 902 congruenter
968 816 1112 904 scripsit,
1144 819 1278 892 Themi·
1322 865 1325 872 ·

223 926 354 992 stcclem
378 944 398 989 a
419 922 687 990 Lacedaemoniis
710 923 840 989 summis
859 923 1033 990 honoribus
1051 944 1122 992 esse
1136 927 1277 995 celebra·

221 1037 298 1119 tum,
319 1051 385 1096 non
407 1029 548 1096 alienum
569 1027 669 1096 fnisse
693 1028 861 1096 aDiodori
884 1034 1023 1115 anctore,
1046 1033 1186 1115 everhis
1208 1035 1278 1103 eius

223 1134 289 1224 (27,
312 1135 347 1223 3)
370 1134 517 1219 quamvis
539 1133 646 1201 brevis
668 1134 722 1201 sit:
746 1131 778 1197 ui
799 1132 1057 1217 Λακεδαιμόνιοι
1079 1140 1278 1224 φοβηθέντες

221 1241 341 1328 μήποτε
366 1237 578 1325 Θεμιστοκλῆς
600 1285 608 1303 .
630 1282 689 1303 ...
711 1238 862 1325 ἐτίμησαν
885 1237 984 1304 adada
1006 1239 1191 1309 διπλασίοσι
1213 1245 1277 1310 dm·

221 1355 317 1435 ρεᾳῒς·
343 1348 407 1410 τῶν
439 1347 476 1410 τὰ
510 1343 654 1429 ἀριστεῖα
685 1344 875 1430 εἰληφότων,
922 1346 1001 1413 satis
1039 1348 1125 1416 clare
1165 1352 1277 1420 elucet.

221 1453 310 1518 Bene
332 1451 432 1535 igitur
449 1449 517 1533 egit
537 1449 727 1516 Plutarchus
750 1449 836 1533 quod
858 1455 958 1516 totam
980 1450 1047 1518 sere
1068 1474 1199 1539 pugnae
1220 1479 1277 1524 na·

222 1557 305 1623 valis
338 1554 585 1640 descriptionem
614 1574 632 1620 τ
660 1554 802 1620 Cumaea
826 1554 934 1621 hausit
973 1577 1078 1642 pauca
1107 1565 1215 1628 tamen
1237 1583 1278 1630 ex

222 1663 288 1730 alio
310 1661 464 1747 scriptore
486 1660 587 1747 petita
609 1659 787 1726 narrationi
809 1659 878 1726 eius
906 1661 1056 1750 inseruit3
1089 1686 1163 1731 nam
1195 1689 1278 1752 quae

222 1768 354 1835 ineunte
385 1764 489 1852 eapite
520 1765 582 1831 XV
615 1765 752 1849 legimus
788 1764 822 1830 in
855 1765 927 1852 ipsa
966 1788 1079 1853 pugna
1121 1771 1279 1840 effulsisse

223 1874 332 1940 lumen
362 1873 404 1940 ab
426 1872 578 1938 Eleusine
611 1870 857 1956 Thriasiamque
890 1871 1058 1958 planitiem
1086 1876 1225 1947 clamore
1247 1887 1279 1947 et

223 1980 330 2047 sonitu
371 1977 470 2045 fuisse
499 1977 661 2063 expletam
702 1975 795 2060 quasi
827 1977 990 2044 Bacchum
1020 1999 1039 2045 e
1068 1984 1186 2050 sacello
1219 2006 1278 2054 suo

223 2083 377 2151 Eleusina
400 2081 641 2168 deducentium,
664 2102 728 2148 non
751 2080 794 2146 ad
816 2082 994 2170 Ephorum,
1024 2085 1083 2152 sed
1104 2089 1278 2159 Athenien·

225 2209 293 2256 sem
314 2186 474 2273 quendam
505 2186 690 2272 scriptorem
724 2185 899 2273 pertinere,
933 2190 1149 2276 unnsquisque
1179 2193 1277 2263 videt.

224 2295 335 2378 Neque
357 2291 557 2377 Plutarchus,
579 2296 615 2357 ut
636 2296 670 2356 ut
691 2310 798 2376 pauca
819 2289 859 2357 de
881 2312 993 2378 pugna
1014 2295 1125 2361 navali
1144 2298 1279 2386 scripsit,

224 2397 332 2464 facere
354 2419 419 2464 non
441 2397 553 2483 potnit,
576 2397 652 2481 quin
675 2395 738 2462 slbi
755 2396 825 2482 ipse
841 2394 1080 2486 adversaretur,
1102 2422 1178 2467 nam
1194 2403 1279 2488 quod

223 2505 302 2572 dicit
327 2503 371 2593 (v.
393 2504 435 2570 25
457 2502 538 2590 seq.)
577 2501 793 2588 Lycomedem
821 2503 1051 2571 Atheniensem
1078 2507 1215 2592 primum
1245 2510 1279 2578 in

222 2612 283 2678 hoc
304 2610 427 2697 proelio
449 2608 597 2676 hostilem
619 2628 736 2676 navem
757 2608 898 2695 cepisse,
929 2619 1002 2676 cnm
1033 2611 1080 2678 cis
1102 2615 1281 2682 consociari

223 2723 385 2803 nequeunt
407 2734 490 2800 quae
511 2714 546 2780 in
568 2714 675 2800 capite
696 2714 776 2780 XIV
798 2713 838 2779 de
858 2715 1008 2781 Aminiae
1034 2715 1151 2784 virtute
1182 2739 1279 2806 expo-

224 2825 304 2908 anit,
327 2841 521 2908 quamquam
542 2819 628 2885 enim
648 2819 704 2886 illo
726 2820 797 2887 loco
821 2818 939 2887 diserte
969 2841 1033 2887 nou
1056 2820 1162 2908 addit,
1192 2825 1279 2894 Ami-

224 2929 313 2995 niam
335 2947 452 2994 nauem
472 2924 621 2991 hostilem
644 2925 783 3011 cepisse,
817 2931 926 2990 tamen
951 2925 1004 3015 ¹ita
1034 2946 1106 2992 cnm
1136 2928 1279 3000 Diodoro

224 3032 389 3118 congruit,
410 3036 446 3096 ut
467 3028 501 3095 id
524 3049 649 3115 quoque
669 3030 703 3096 in
725 3029 891 3096 Plutarchi
912 3030 1002 3097 tonte
1025 3033 1185 3100 exstitisse
1208 3043 1279 3122 put·

224 3159 280 3205 are
310 3135 494 3202 debeamus.
543 3133 677 3201 Accedit
714 3134 800 3220 qaod
840 3135 1046 3224 Plutarchus,
1080 3140 1132 3205 vel
1168 3148 1279 3209 auctor

225 3245 309 3328 eius,
342 3240 502 3325 insignem
524 3259 662 3306 errorem
693 3239 888 3307 commisisse
915 3240 1058 3328 videtur,
1092 3264 1164 3310 cnm
1191 3267 1279 3331 ,quae

224 3350 268 3418 ad
289 3347 493 3416 Artemisium
515 3345 602 3412 l'acta
624 3332 710 3432 sunt,
729 3346 773 3413 ad
786 3368 930 3433 pugnam
945 3348 1157 3417 Salaminiam
1178 3357 1280 3420 trans·

224 3458 331 3524 ferret.
383 3453 540 3520 Nimirum
567 3451 601 3517 in
634 3453 746 3518 navali
775 3452 819 3518 ad
840 3453 1045 3520 Artemisium
1073 3477 1185 3543 pugna
1207 3459 1278 3545 vpri-

225 3586 313 3632 mum
332 3553 548 3646 Lycomedem
571 3577 687 3624 navem
708 3559 832 3644 cepisse
846 3559 986 3626 affirmat
1000 3561 1181 3630 Herodotus
1190 3565 1278 3651 VIII,

225 3674 276 3738 11.
320 3671 441 3750 Quare,
472 3685 605 3749 cumque
635 3685 675 3730 ex
697 3665 854 3751 peculiari
875 3666 1074 3733 Athenarum
1094 3669 1185 3736 urhis
1206 3691 1280 3756 cog·

225 3779 347 3845 nitione
375 3771 553 3861 proiectum
581 3791 652 3838 esse
678 3770 822 3857 videtur,
860 3771 946 3855 quod
980 3771 1058 3839 dicit
1079 3774 1279 3864 Plutarchus,

225 3881 269 3970 (v.
291 3881 348 3968 27)
371 3879 471 3944 fuisse
503 3874 591 3963 apud
611 3875 791 3960 Phlyenses
821 3877 973 3963 templum
1002 3878 1162 3963 Apollinis
1183 3880 1280 3948 lanri·

225 3988 310 4073 geri,
333 3988 367 4050 ln
390 4003 452 4068 quo
473 3980 673 4067 Lycomedes
694 3981 837 4066 insignia
858 3982 952 4049 navis
974 3982 1124 4050 Persicae
1146 4005 1280 4072 snspen-

225 4093 344 4178 disset,
365 4089 463 4156 etiam
483 4087 545 4154 hoe
569 4088 640 4155 loco
667 4087 806 4172 vestigia
827 4087 1012 4156 Philochori
1030 4089 1281 4180 Atthidographi

226 4231 518 4248 ,μαψ-

300 4323 326 4395 l)
345 4319 489 4385 lidller,
506 4317 608 4390 fragm.
625 4318 654 4376 h.
673 4317 706 4375 (t.
725 4319 739 4374 I
757 4335 786 4391 p.
805 4318 867 4386 265,
889 4317 948 4374 112.
