2954 4772
724 335 765 404 31

216 512 303 579 nitur
324 516 381 578 aut
402 529 443 577 ea
464 507 686 596 oonfirmatur;
720 510 836 596 quihus
866 511 947 579 locis
967 511 1192 581 Philochorum
1223 514 1273 603 ip·

86 688 91 694 ,
217 637 288 686 sum
309 615 514 684 Aristotelem
535 615 766 684 laudasse-aut
786 617 986 704 vituperasse
1018 617 1046 685 si
1071 638 1227 705 ponemus
1249 643 1271 690 a

216 723 352 790 veritate
373 743 439 788 non
460 720 555 787 nimis
577 720 807 789 aberrabimus.

305 827 459 894 Eiusdem
488 827 558 893 sine
586 826 685 893 dubio
713 826 853 894 auctoris
881 826 1010 894 initium
1038 828 1135 894 otiam
1157 830 1273 917 capillo

218 932 267 998 XI
290 930 346 1019 (-
362 953 393 999 v.
416 932 456 998 13
478 952 555 1018 pag.
577 931 736 1018 testea,
759 953 821 1018 quo
844 932 976 1019 exponit
990 931 1180 1001 Plutarchus
1191 936 1274 1004 The·

218 1035 409 1121 miscentem,
438 1056 509 1102 cum
531 1036 666 1103 vidisset
696 1037 909 1104 Athenienses
942 1034 1100 1106 desiderio
1123 1039 1273 1109 Aristidis

220 1142 339 1228 teneri,
371 1140 541 1228 plebiscito
565 1144 682 1228 sorIpto
713 1143 804 1210 exilii
832 1142 993 1209 decretum
1023 1144 1167 1213 solvisse.
1207 1148 1274 1214 lle-

218 1245 349 1314 rodotus
371 1245 458 1311 enim
480 1243 582 1332 (VIII,
606 1246 662 1334 79)
685 1247 776 1313 illum
802 1254 876 1314 ante
897 1268 1040 1335 pugnam
1062 1249 1274 1318 Salaminiam

218 1351 253 1417 in
274 1350 414 1437 patriam
446 1368 530 1416 esse
547 1358 731 1419 revocatum
759 1373 825 1419 non
853 1351 1006 1439 tradidit,
1035 1353 1134 1423 immo
1165 1363 1275 1426 auctor

219 1463 267 1525 est
297 1458 368 1544 ipso
391 1476 522 1542 pugnae
551 1458 678 1527 navalis
709 1457 761 1526 die
791 1458 834 1525 ad
856 1459 1103 1528 Themistoclem
1125 1483 1197 1530 cum
1218 1485 1273 1532 ve·

124 1565 127 1573 '
217 1564 305 1631 nisse
333 1583 471 1647 eumque
506 1565 671 1632 certiorem
693 1563 888 1652 reddidisse,
920 1565 1056 1632 classem
1078 1567 1274 1637 Graecorum

219 1690 240 1736 a
259 1669 367 1737 Persis
389 1690 460 1737 esse
482 1670 749 1756 circumcinctam,
771 1689 964 1756 quamquam
988 1671 1274 1758 ἐξωστρακιςμένος

221 1779 302 1860 erat,
329 1779 362 1840 ct
392 1775 616 1842 Themistoclis
647 1773 686 1839 od
717 1773 813 1860 φίλος
841 1773 961 1860 ἐχθρὸς
991 1774 1027 1839 δὲ
1055 1779 1094 1841 τὰ
1121 1777 1270 1860 μάλιστα.

217 1879 328 1964 Neque
358 1879 464 1965 magis
493 1899 534 1946 ex
555 1879 686 1966 Ephoro
717 1881 958 1948 narratiuncula
986 1882 1049 1948 ista
1077 1884 1179 1970 petita
1202 1906 1272 1954 esse

216 1991 338 2072 potest,
369 1985 445 2070 quia
473 1984 567 2051 huius
602 1985 794 2052 auctoritate
822 1986 912 2053 nisus
933 1986 1123 2055 Plutarchus
1145 1989 1179 2055 iu
1202 2010 1273 2078 cap.

217 2092 284 2158 XII
313 2091 436 2178 etipse
459 2091 569 2177 affert,
591 2110 723 2178 pugnae
754 2091 882 2159 navalis
905 2091 957 2160 die
978 2092 1153 2162 Aristidem
1174 2096 1272 2164 einIo

217 2192 360 2261 nondum
382 2194 481 2261 fuisse
502 2194 672 2261 liberatum
683 2195 702 2261 ¹.

305 2302 398 2368 Certe
420 2306 526 2366 autem
549 2299 763 2367 ePhilochori
784 2299 875 2367 libris
896 2321 961 2367 uon
982 2299 1142 2368 fluxerunt
1162 2324 1272 2370 narra·

218 2407 380 2475 tiuuoulae
414 2425 497 2491 quae
524 2405 600 2472 inde
629 2426 650 2472 a
679 2427 709 2472 v.
733 2407 773 2472 13
801 2406 917 2492 capitis
938 2407 988 2473 XI
1009 2407 1193 2476 Plutarchei
1222 2430 1271 2478 ee-

218 2520 372 2598 qunntur‚
394 2511 435 2579 de
458 2531 591 2596 quarum
613 2518 799 2580 auctorent
822 2511 962 2578 dubitari
983 2519 1102 2600 potest,
1134 2515 1181 2580 ita
1203 2516 1273 2584 nul·

215 2607 278 2686 lius
301 2617 367 2685 fere
389 2618 484 2705 pretii
504 2624 554 2710 est
576 2617 658 2684 scire
681 2617 766 2684 uude
788 2616 954 2685 derivatae
970 2618 1042 2686 sint.
1085 2619 1194 2685 Voluit
1215 2621 1272 2708 elo,

215 2732 251 2794 ut
272 2725 407 2809 videtur,
429 2722 619 2789 Plutarchus
640 2723 810 2790 transitum
833 2724 940 2791 facere
963 2724 1006 2790 ad
1027 2744 1157 2811 pugnae
1179 2725 1272 2792 Sala·

216 2832 336 2898 minias
359 2829 606 2914 descriptionem
639 2833 722 2912 quae
752 2829 893 2912 sequitur
915 2829 951 2894 in
973 2849 1043 2916 cap.
1065 2830 1132 2896 XII
1152 2828 1228 2897 inde
1249 2851 1271 2896 a

216 2935 342 3003 verbis:
365 2930 417 2996 διὸ
443 2929 482 3016 δή
507 2935 562 2993 aul
583 2930 722 3012 μάλιστα
744 2933 941 3015 προσέθεντο
967 2936 1003 3023 τῇ
1024 2933 1134 3021 γνώμῃ
1145 2957 1172 3001 a.
1195 2956 1219 2999 τ.
1242 2933 1271 3002 λ.

217 3037 284 3106 Sed
308 3037 344 3101 id
375 3053 440 3100 non
473 3054 625 3120 prospere
665 3035 695 3102 ei
723 3036 889 3120 processit.
936 3037 1155 3122 Eurybiadem
1185 3039 1270 3106 enim

216 3141 347 3208 navium
369 3139 480 3206 ducem
503 3139 619 3225 luisse,
647 3139 681 3205 id
715 3138 843 3223 quidem
872 3139 950 3207 dicit
972 3141 1015 3229 (v.
1039 3143 1089 3210 13.
1112 3163 1182 3230 cap.
1204 3145 1270 3212 XI:

217 3240 424 3328 Εὐρυβιάδου
446 3241 482 3304 δὲ
503 3243 559 3326 τὴν
580 3246 640 3326 μὲν
662 3241 906 3328 ἡγομονίανοῶν
927 3248 1011 3308 νεῶν
1040 3245 1189 3334 ἔχοντος),
1211 3249 1270 3316 sed

215 3370 317 3418 naves
338 3349 413 3416 illas
435 3368 633 3416 communem
657 3349 852 3417 Graecorum
882 3349 1019 3417 classem
1041 3351 1156 3438 fuisse,
1188 3374 1270 3438 quae

213 3461 287 3543 post
309 3472 453 3541 pugnam
474 3453 723 3520 Artemisienam
745 3453 789 3520 ad
811 3454 1008 3522 Salaminem
1034 3455 1173 3522 insulam
1196 3476 1270 3524 con·

215 3566 365 3645 venerat,
399 3560 486 3626 nullo
508 3560 608 3626 verbo
631 3560 768 3646 monuit3
791 3561 872 3626 nihil
894 3560 1043 3629 audimus
1065 3560 1105 3627 de
1128 3562 1270 3631 consiliis
1374 3593 1376 3606 ·

216 3666 347 3752 ducum,
381 3667 436 3749 qui
458 3687 519 3750 quo
542 3666 612 3732 loco
633 3666 843 3753 pugnandum
866 3666 984 3734 sitdiu
1018 3667 1272 3756 disputaverant,

214 3774 295 3840 nihil
325 3772 365 3839 de
393 3772 698 3859 Peloponnesiorum
734 3772 868 3857 ignavia
899 3771 954 3857 qui
988 3771 1115 3839 desua
1145 3779 1270 3839 tantum

214 3880 318 3946 salute
335 3867 373 3943 'et
393 3876 613 3942 incolumitate
635 3876 765 3943 solliciti
786 3876 830 3944 ad
852 3877 1009 3943 Isthmum
1034 3884 1195 3946 certamen
1218 3897 1270 3946 oo·

211 3981 402 4050 mittendum
424 4001 495 4048 esse
517 3980 685 4068 volebant,
714 3981 795 4048 nihil
818 3981 859 4048 de
881 3983 986 4050 causis
1008 3983 1123 4068 quibus
1142 3983 1269 4053 Themi·

213 4125 502 4138 m*

212 4232 241 4288 p.
261 4216 314 4271 384
332 4232 394 4284 sqq.
412 4213 514 4285 fragm.
533 4212 577 4280 61,
596 4213 639 4280 65,
659 4213 703 4280 67,
722 4214 765 4282 68,
785 4213 829 4282 84,
849 4215 989 4286 101,106,
1009 4217 1070 4274 171.
1091 4245 1124 4260 -

287 4305 314 4378 1)
331 4304 433 4372 Rinclr,
451 4303 560 4375 prolog.
578 4301 615 4359 ad
633 4303 712 4360 hem.
731 4304 814 4365 Prob.
832 4305 876 4364 ed.
894 4307 971 4362 Roth
988 4325 1054 4381 pag.
1072 4307 1197 4366 hXXIIl.
