2954 4772
726 292 754 395 6.

212 505 334 592 eisqui
356 505 396 574 de
415 504 503 574 illius
525 506 677 593 temporis
698 504 841 573 fontibus
863 523 1017 591 quaerere
1038 504 1160 592 volunt,
1182 525 1266 591 quac

212 612 359 680 Stclkens
382 613 422 680 de
439 613 575 700 Ephori,
603 613 843 699 Volquardseu,
873 612 1043 680 Gollmauu
1053 613 1079 702 ¹)
1119 612 1160 681 de
1188 614 1265 680 Dio-

213 716 283 786 dori
319 719 420 786 Siculi
451 718 594 787 sontibus
637 720 733 786 certis
775 718 992 787 fundamentis
1027 719 1123 788 iactis
1159 718 1285 809 dispu·'

212 829 369 894 taverunt.

279 930 386 1010 Quare
407 951 496 1017 cum,
518 932 574 1017 qui
593 931 817 999 Themistoclis
838 931 1021 998 Plutarchei
1047 930 1152 998 iorrtes
1180 935 1268 998 reete

214 1036 415 1122 cognoverit,
448 1035 536 1103 haud
566 1036 747 1124 spernenda
775 1038 855 1104 mihi
889 1035 1038 1103 videatur
1070 1034 1191 1103 addere
1224 1036 1268 1103 ad

214 1138 367 1207 iudicium
390 1141 430 1208 de
451 1142 616 1208 Plutarchi
639 1143 829 1209 auctoritate
861 1142 1051 1208 firmandum
1080 1148 1113 1208 et
1133 1142 1268 1228 ampliti-

215 1241 362 1329 oaudum,
385 1264 465 1331 opus
487 1265 661 1331 aggressus
683 1267 754 1314 sum
769 1268 835 1314 nou
847 1267 910 1332 quo
931 1253 1088 1333 putarem,
1109 1266 1162 1313 me
1183 1245 1269 1313 hanc

216 1349 435 1435 quaestionem
456 1353 544 1418 omni
578 1373 620 1419 ex
648 1360 739 1440 parte
762 1353 806 1419 ad
827 1360 947 1420 certum
974 1353 1071 1420 tiuem
1101 1352 1270 1439 perductu-

215 1474 285 1522 rum
308 1475 393 1541 esse,
416 1457 474 1524 sed
495 1458 572 1543 quia
593 1477 644 1525 res
665 1458 740 1544 ipsa
761 1458 845 1524 iuter
866 1457 1118 1544 comparandum
1133 1462 1166 1522 et
1186 1462 1270 1522 trac

214 1562 347 1631 andum
369 1564 474 1648 magis
506 1564 674 1649 magisque
704 1584 756 1630 me
778 1563 951 1630 alliciebat
983 1564 1094 1630 'Nam
1127 1583 1169 1630 ne
1198 1562 1270 1647 quis

215 1685 488 1753 supervacaneum
510 1675 600 1756 putet
621 1669 705 1737 hauc
732 1669 952 1755 quaestionem
973 1675 1165 1755 retractare,
1194 1669 1272 1754 quia

215 1772 435 1864 Sohilderusi)
457 1781 490 1841 et
510 1775 690 1862 nuperrime
701 1775 848 1842 Wolifius
860 1774 887 1863 ³)
899 1775 940 1842 de
952 1774 1066 1842 eadem
1079 1794 1115 1840 re
1136 1775 1271 1861 scripse·

215 1884 304 1966 runt,
336 1879 391 1946 ille
411 1879 446 1946 id
467 1879 569 1946 solum
591 1880 675 1966 egit,
697 1886 733 1946 ut
763 1880 934 1967 scriptores
963 1901 985 1946 a
1005 1879 1178 1948 Plutarcho
1198 1881 1271 1967 ipso

216 1991 478 2052 commemoratos
499 1992 716 2072 enumeraret3
748 1985 912 2053 Wolifium
940 2005 1034 2072 vero,
1066 1986 1123 2070 qui
1141 1985 1272 2052 brevius

219 2111 316 2177 quam
337 2112 398 2178 pur
430 2097 501 2159 erat
529 2112 597 2159 rem
629 2091 796 2178 ductavit,
824 2096 949 2157 tautum
978 2092 1086 2178 abest,
1119 2097 1154 2158 ut
1184 2096 1271 2157 recte

216 2196 676 2284 iontesPlutarchiiudagasse
694 2203 812 2285 putem,
834 2203 870 2263 ut
879 2198 967 2264 nullo
985 2197 1133 2265 fereloeo
1144 2216 1217 2264 cum
1232 2216 1271 2264 eo

218 2301 426 2371 consentiam.
468 2301 581 2387 Neque
603 2303 688 2368 enim
710 2308 787 2388 puto
806 2302 1027 2387 quaestionem
1048 2301 1138 2367 illam
1158 2301 1206 2368 ita
1224 2302 1274 2368 in·

217 2407 306 2476 stitui
328 2427 440 2495 posse,
463 2413 498 2475 ut
518 2407 725 2475 Plutarchum
747 2428 819 2474 cum
840 2408 918 2475 solis
940 2405 1103 2476 Herodoto
1133 2413 1167 2475 et
1186 2406 1271 2474 Thu·

218 2513 334 2602 oydido
356 2533 591 2601 comparemus,
612 2513 788 2581 Diodorum
809 2533 903 2600 vero,
922 2515 1095 2600 Nepotem,
1116 2513 1275 2580 Iustinum

218 2619 332 2688 missos
361 2619 534 2706 faciamus,
574 2639 678 2704 usque
707 2619 773 2686 ullo
806 2625 901 2706 pacto
934 2619 966 2684 ei
997 2618 1154 2706 concedo,
1188 2620 1275 2706 quod

217 2748 250 2816 p.
273 2727 313 2794 13
337 2725 429 2794 dicit:
464 2723 689 2811 „Plutarchum
719 2725 754 2790 iu
787 2725 856 2792 vita
883 2724 1109 2793 Themistoclis
1136 2726 1276 2794 couscri-

218 2831 327 2900 beuda
347 2831 448 2899 multa
471 2851 512 2898 ex
534 2829 689 2899 Herodoti
719 2835 751 2898 ct
771 2829 974 2917 Thucydidis
1001 2829 1094 2898 libris
1115 2830 1160 2897 ad
1181 2851 1275 2899 suum

221 2934 357 3004 fructum
379 2934 524 3004 atulisae
545 2955 639 3004 nemo
665 2935 794 3021 negat.“
846 2934 1035 3002 Rectissime
1064 2943 1175 3002 contra
1203 2958 1275 3023 pro

218 3044 315 3112 basse
335 3040 414 3108 mihi
436 3039 563 3108 videtur
585 3041 766 3108 Oollmauni
788 3040 970 3126 exemplum
991 3047 1133 3127 secutus,
1154 3039 1275 3108 Diodo-

221 3191 227 3200 ι
242 3188 530 3200 ----------ι

221 3239 331 3298 Solonis
348 3237 513 3296 Plutarchoi
531 3237 667 3296 fontibus.
686 3237 752 3294 diss.
771 3238 887 3294 Bouuae
907 3238 986 3294 186⁷.
1006 3265 1038 3279 -
1058 3238 1173 3303 Peter,
1191 3237 1221 3294 in
1240 3238 1276 3294 N.

220 3331 291 3388 Mus.
309 3331 399 3388 Rhea.
418 3331 487 3388 rust
506 3348 535 3403 p.
554 3329 589 3386 62
607 3346 649 3400 aq.
667 3328 718 3385 der
736 3327 905 3384 historische
924 3327 1027 3385 Werth
1043 3344 1101 3384 rou
1118 3327 1194 3384 Plut
1212 3327 1278 3385 Bio-

219 3421 338 3498 gruphie
363 3422 412 3480 des
436 3421 561 3494 hylrurg.
581 3450 615 3460 -
667 3419 818 3486 Teichos
843 3419 1101 3490 Uutersuchuugeu
1131 3418 1202 3476 uber
1230 3417 1277 3476 die

220 3511 339 3582 Quelleu
358 3511 406 3568 des
423 3511 498 3566 Plut.
518 3508 557 3564 irn
576 3508 680 3564 Nitrias
705 3507 764 3563 und
784 3506 959 3564 Alkibiados.
1002 3506 1119 3579 Leipzig
1145 3506 1224 3563 1869.
1243 3535 1278 3549 -

222 3602 361 3676 Plttgcl,
381 3600 428 3658 die
447 3599 568 3668 Quellen
587 3597 662 3655 Plut.
680 3598 721 3654 im
739 3599 894 3670 Lykurgos.
912 3597 980 3653 diss.
998 3597 1136 3669 Marburg
1156 3597 1234 3654 1870.

278 3693 304 3766 1)
323 3692 503 3758 Stellreua
515 3690 551 3746 de
560 3689 666 3762 Ephori
676 3689 731 3747 lide
741 3691 772 3745 et
781 3689 953 3745 auctoritate
960 3688 1025 3744 diss.
1035 3689 1155 3745 hiouast.
1163 3688 1279 3745 1857.-

221 3782 491 3856 volquardus,
516 3779 773 3852 Untersuchungon
790 3778 861 3836 fiber
878 3777 925 3835 die
944 3778 1065 3846 Qucllen
1082 3778 1133 3834 der
1152 3777 1280 3834 Griechi·

221 3875 307 3933 sehon
325 3873 382 3930 und
402 3871 571 3930 Sicilischcn
590 3870 758 3927 Geschichte
775 3869 824 3927 bei
841 3869 963 3936 Diodor,
981 3867 1061 3925 Buch
1081 3868 1121 3924 XI
1139 3868 1184 3925 bis
1204 3868 1279 3924 xvl.

221 3963 287 4022 Kiel
307 3963 386 4021 1868.
407 3991 439 4005 -
498 3961 698 4030 cellmana,
721 3960 757 4018 de
781 3959 898 4017 Diodori
927 3959 1017 4017 Siculi
1046 3957 1183 4017 tontibus.
1212 3959 1278 4016 diss.

223 4054 314 4112 Murb.
334 4054 404 4111 1869
423 4070 485 4124 cap.
504 4052 527 4111 Ι.

295 4144 324 4218 2)
342 4142 523 4210 Schildcr,
541 4143 577 4200 dc
596 4159 691 4199 rerum
710 4139 911 4214 scriptoribus,
937 4138 1042 4210 quibus
1067 4139 1144 4196 Plut.
1168 4138 1199 4196 in
1218 4135 1281 4195 vita

224 4233 421 4294 Theru²⁴·²··'³“
442 4233 590 4290 “ibeuda
608 4250 674 4288 usur
693 4231 739 4288 sit.
775 4233 873 4304 Progr.
891 4228 1074 4286 heobschtttz.
1095 4230 1174 4286 1850.

524 4323 586 4383 rita
595 4321 804 4382 Themistoclis.
822 4321 888 4380 diss.
899 4320 1019 4379 Mouast
1031 4319 1181 4393 atropos
1190 4317 1280 4393 prior.
