2954 4772
703 335 742 409 r'r
858 325 862 331 ’
1229 341 1231 348 ·

1164 415 1200 470 '⁹2-

194 518 339 600 tuamns,
362 515 475 601 paucis
498 516 666 584 videamus
688 516 766 601 quid
788 518 828 584 de
847 517 1043 602 reliquorum
1062 515 1250 602 scriptorum

195 615 307 701 fugam
328 619 551 688 Themistoclis
587 624 786 688 narrantium
809 615 951 689 lontibus
973 621 1015 687 sit
1035 617 1250 686 iudicandum.

258 728 306 793 Ac
333 729 469 815 primum
501 730 629 813 quidem
662 731 748 816 qniu‘
762 729 922 798 Diodorus
944 749 1026 814 quae
1049 719 1141 814 capp.
1164 725 1251 794 56—

194 833 237 899 59
260 833 300 899 de
324 833 386 900 hae
408 854 443 901 ra
465 837 587 921 profert
615 856 656 902 ex
678 836 808 922 Ephoro
838 835 996 920 hauserit,
1028 833 1158 899 dubium
1185 848 1249 900 non

194 944 252 1004 est.
295 939 411 1005 Omnia
444 941 529 1006 enim
550 947 638 1008 arcte
669 941 753 1008 inter
780 961 815 1008 se
837 947 869 1008 et
892 960 963 1007 cum
986 939 1032 1006 eis
1054 958 1137 1024 quae
1159 958 1249 1024 prae·

195 1043 312 1110 cedunt
333 1051 365 1110 et
386 1052 560 1130 sequuntur
582 1046 768 1132 cohaerent,
798 1052 831 1112 et
851 1048 933 1113 bene
955 1045 985 1112 ei
1007 1043 1156 1111 convenit
1178 1063 1250 1108 cunr

110 1152 114 1159 '
194 1147 345 1228 cumaeo,
367 1147 452 1233 quod
474 1149 517 1215 ad
539 1150 696 1235 Xerxem,
719 1171 783 1216 non
806 1149 849 1245 ad
871 1151 1084 1216 Artaxerxem
1106 1145 1250 1213 Themis·

192 1254 307 1320 toclem
341 1253 421 1320 iacit
453 1255 649 1340 venientem,
680 1254 751 1342 (cir.
773 1256 856 1322 Plut.
887 1254 956 1321 init.
987 1274 1019 1320 οι
1036 1254 1075 1318 27
1101 1250 1248 1318 et·Diod.

192 1359 253 1444 56,
275 1362 311 1426 6:
345 1357 511 1436 δξιοῦντος
541 1357 577 1424 δέ
608 1363 664 1425 τοῦ
701 1358 951 1441 Θεμιστοκλέους
986 1357 1119 1436 ἀγαγεῖν
1151 1355 1251 1420 αὐτὸν

194 1467 274 1547 πρὸς
295 1466 355 1528 τὸν
371 1457 495 1548 Ξέρξην
517 1487 545 1528 κ.
568 1488 594 1528 ι.
615 1464 678 1552 λ.);
701 1487 719 1532 e
741 1465 932 1550 Thucydide
954 1469 1071 1548 autom,
1094 1482 1165 1528 oum
1187 1462 1248 1527 hac

192 1570 265 1655 ipsa
286 1569 326 1636 de
349 1589 459 1654 causa,
488 1575 554 1634 tum
589 1572 664 1653 quia
694 1569 750 1662 illo
773 1570 871 1636 multo
903 1567 1061 1654 copiosior
1084 1573 1148 1650 est,
1177 1553 1249 1630 oum

194 1675 340 1741 hausisse
381 1675 519 1761 cogitari
553 1675 672 1759 nequit.
731 1675 823 1754 Quae
843 1673 887 1742 ,si
920 1679 1006 1740 recte
1045 1691 1080 1738 se
1119 1669 1250 1754 habent,

192 1779 335 1848 eiusdem
352 1780 520 1866 scriptoris
542 1781 680 1864 vestigia
706 1781 741 1846 in
763 1781 896 1866 Nepotis
925 1779 993 1845 vita
1015 1773 1250 1842 Themistoclea

193 1891 443 1968 cognoscuntur,
465 1890 562 1968 atque
583 1883 704 1951 iontem
727 1884 796 1950 eius
818 1881 954 1950 eundem
975 1881 1150 1967 Ephorum,
1184 1898 1261 1944 non‘

105 2013 107 2018 ·
192 1987 413 2073 Thucydidem
446 1988 546 2056 luisse
573 1988 781 2056 iudicandum
811 1995 869 2054 est.
911 1988 995 2054 Nam
1016 1985 1102 2070 quod
1122 1985 1158 2050 in
1179 1982 1249 2048 uni·

192 2114 320 2161 versum
347 2092 389 2159 de
417 2092 498 2177 iuga
519 2091 742 2160 Themistoclis
774 2093 1001 2161 convenienter
1029 2111 1100 2157 cum
1122 2088 1249 2172 Thucy·
1383 2123 1385 2128 ,

193 2196 266 2263 dide
289 2196 388 2262 refert
407 2196 483 2263 inda
505 2196 585 2262 nihil
607 2197 764 2283 efficitur,
788 2197 864 2281 quia
886 2196 973 2263 idem
993 2193 1037 2261 ad
1059 2192 1193 2260 Diodori
1216 2200 1249 2258 et

191 2302 354 2369 Plutarchi
384 2301 600 2369 narrationem
629 2304 738 2370 valere
768 2323 866 2388 supra
888 2301 1044 2385 vidimus,
1073 2297 1149 2364 inde
1171 2317 1248 2363 vero

191 2404 277 2492 quod
298 2405 452 2472 nonnulla
482 2406 529 2472 ita
552 2413 739 2493 comparata
760 2413 853 2492 sunt,
882 2411 917 2472 ut
939 2425 957 2470 e
979 2401 1169 2488 Thucydide
1190 2399 1248 2466 ilu-

191 2513 277 2578 nisse
300 2511 509 2598 nonpossint,
531 2511 600 2578 iure
623 2513 831 2595 concluditur,
854 2531 926 2577 eum
946 2531 1011 2576 non
1026 2506 1247 2592 Thucydidem

189 2619 295 2704 ipsum
316 2616 374 2684 sed
395 2617 560 2703 Ephorum
582 2619 800 2705 exscripsisse.
844 2619 950 2703 Supra
973 2616 1057 2682 enim
1080 2614 1145 2680 iam
1166 2612 1248 2677 vidi-

190 2742 260 2789 mus
282 2723 438 2808 Nepotem
460 2742 530 2787 cnm
548 2721 689 2788 Diodoro
712 2721 893 2788 consentire
915 2718 1001 2805 quod
1024 2725 1143 2804 narrat,
1165 2714 1248 2783 The-

191 2825 368 2891 mistoclem
396 2825 502 2910 ipsum
522 2822 651 2891 Admeti
679 2826 780 2891 filium
811 2825 1001 2910 arripuisse,
1028 2842 1099 2888 cum
1120 2821 1248 2907 Thucy-

190 2928 281 2995 dides
313 2928 477 2994 mulierem
498 2929 586 3012 regis
619 2949 691 2995 eum
721 2930 787 2996 han
873 2913 1060 2996 crimoniam
1081 2926 1248 2993 edocuisse

189 3035 279 3102 testis
310 3035 368 3118 sit3
402 3053 497 3120 porro
531 3033 626 3120 vide,
668 3056 751 3119 qnae
784 3056 811 3101 o.
865 3086 874 3121 ,
902 3036 923 3101 5
959 3035 1067 3119 Nepos
1103 3033 1247 3120 proferat

189 3135 400 3223 Thucydideo
421 3137 604 3205 narratione
626 3139 728 3206 fusius
751 3159 822 3206 esse
844 3139 980 3224 scripta,
1003 3144 1099 3221 atque
1121 3138 1168 3203 ita
1190 3137 1247 3204 illa

189 3241 317 3328 quidem
349 3246 385 3306 ut
414 3260 486 3307 cum
509 3242 651 3310 Diodoro
673 3243 867 3310 conveniant
900 3246 932 3307 et
953 3241 1086 3326 Nepotis
1108 3241 1246 3306 verbae

188 3345 333 3430 longiore
354 3345 490 3413 Diodori
512 3350 695 3416 narratione
718 3353 883 3415 contracta
905 3365 976 3412 esse
997 3344 1175 3410 videantur.

253 3449 460 3536 Thucydides
481 3453 566 3518 enim
588 3453 666 3520 dicit
689 3453 730 3541 (o.
744 3453 820 3538 137)
844 3453 898 3512 aot
922 3448 1050 3532 ὕπερον
1073 3445 1113 3510 οδ
1134 3445 1245 3531 πολλῷ

188 3565 251 3630 τοῖς
279 3553 550 3639 Λακεδαιμονίοις
577 3564 632 3621 καί
655 3556 849 3644 Ἀθηναίοις
880 3554 1017 3619 ἐλθοῦσι
1052 3557 1106 3614 καί
1139 3550 1245 3614 πολλὰ

187 3661 334 3725 ιίποῦσιν
360 3658 416 3724 oria
447 3659 637 3741 έκδίδωσιν,
672 3661 745 3727 dtt’
775 3659 962 3725 α’ποσιέλλει
983 3657 1181 3739 βουλόμενον
1203 3655 1247 3731 ὥς
1366 3699 1368 3706 =

187 3765 323 3847 βασιλέα
345 3769 549 3851 πορευθῆναι
584 3768 638 3830 ἐπὶ
670 3773 727 3853 τὴν
758 3766 872 3849 ἑιέραν
901 3764 1076 3828 θάλασσαν
1106 3787 1134 3824 κ.
1157 3785 1183 3824 τ.
1206 3761 1245 3838 L,

187 3871 347 3938 Diodorus
368 3877 480 3938 contra
510 3879 542 3938 et
564 3875 673 3959 Nepos
694 3871 865 3940 Admetum
888 3868 1095 3936 Themistocli
1116 3887 1246 3952 persua-

187 3975 267 4042 sisse
298 3980 333 4040 ut
353 3975 466 4060 lugam
501 3977 541 4044 de
575 3999 659 4045 novo
683 3983 865 4064 capesseret
898 3979 995 4042 testes
1028 3978 1119 4054 sunt,
1152 3972 1246 4038 Diod.

187 4079 244 4164 56,
266 4081 304 4164 2,
327 4079 441 4144 ἔπειθε
463 4083 519 4145 adv
542 4081 760 4166 Θεμιστοκλέα
782 4081 838 4167 τήν
861 4083 1005 4162 ταχίστην
1026 4075 1159 4140 δπιίναι
1183 4075 1244 4138 λα’-

187 4187 257 4268 θρᾳ
279 4188 342 4248 τῶν
364 4184 642 4272 Λακεδαιμονίων,
665 4189 773 4274 Nepos
797 4207 822 4251 o.
847 4187 876 4270 8,
894 4186 937 4251 ὃς
970 4181 1188 4270 „monuitque,
1212 4188 1247 4245 ut

157 4289 366 4356 consuleret
388 4288 483 4356 sibit
526 4294 609 4360 Tum
631 4293 706 4360 vide
732 4291 844 4358 Diod:
877 4289 946 4352 ἐπεὶ
977 4285 1012 4350 δὲ
1036 4283 1066 4349 oi
1084 4283 1245 4349 Λακεδαι·
