2954 4772
709 295 749 359 61

199 471 306 550 Quare
336 476 371 536 ut
399 470 570 537 Plutarcho
599 468 695 536 tidem
729 470 920 554 derogemus
950 469 1019 536 lieri
1048 491 1111 536 nou
1142 477 1255 556 potest,

199 596 302 660 neque
336 575 403 642 ulla
425 595 524 642 causa
546 575 691 660 cogimur
720 582 755 641 ut
783 595 855 640 cum
878 575 989 642 Grotio
1001 574 1026 660 ¹)
1059 594 1255 660 censeamus,

200 680 363 747 Leobotcn
375 679 599 747 Themistoclis
618 676 716 745 luisse
728 684 944 745 accusatorem
955 679 989 744 in
1003 678 1108 763 priore
1130 679 1256 744 actione

199 790 275 850 ante
310 784 441 852 exilium
484 783 553 850 cius
593 781 728 849 Athenis
764 779 862 848 sacta.
920 783 960 848 ln
1001 781 1151 849 Aristidis
1188 783 1262 848 vita

199 895 307 955 autem
339 888 380 976 (c.
402 890 459 955 25-
474 908 499 955 s.
528 887 638 973 finem)
670 887 862 954 Plutarchus
891 887 1118 954 Alcmaeonem
1151 887 1257 973 ipsum

201 1000 406 1060 accusantem
428 993 507 1060 iacit
529 993 599 1080 (cfr.
622 993 732 1059 moral.
763 1014 794 1079 p.
816 993 880 1060 805
901 993 951 1076 0).
995 994 1107 1076 Neque
1128 992 1189 1060 hoc
1209 994 1257 1060 in-

200 1099 241 1164 de
262 1097 379 1166 lactum
402 1106 465 1184 est,
496 1098 544 1165 uti
568 1098 761 1166 Sintenisius
791 1104 823 1164 et
844 1097 997 1184 Muller’)
1020 1098 1149 1181 volunt,
1172 1096 1258 1182 quod

199 1203 390 1270 Plutarchus
412 1203 543 1271 nomina
565 1204 784 1271 accusantium
807 1202 1006 1286 confuderit,
1028 1202 1086 1269 sed
1109 1202 1184 1285 quia
1206 1202 1257 1267 bis

200 1307 279 1374 locis
310 1308 351 1374 de
383 1308 492 1394 priore
520 1309 724 1375 accusatione
759 1315 832 1374 cote
863 1307 1081 1375 ostraoismum
1103 1307 1190 1373 sacta
1211 1307 1256 1372 lo·

201 1413 325 1496 quitum
356 1413 434 1480 dicit
456 1414 557 1496 enlm:
595 1408 667 1478 c’tt'
696 1412 910 1494 Adnpuiurroc
938 1417 992 1476 aul
1026 1416 1169 1493 Κίμωνος
1203 1419 1261 1473 act

156 1587 158 1590 ,
201 1515 333 1580 πολλῶν
344 1515 456 1580 ἄλλων
477 1515 633 1580 ἕλαονό
641 1537 716 1580 νοω
727 1537 746 1578 ν
757 1521 811 1580 acl
827 1517 1087 1598 κατηγορούντων
1099 1515 1129 1580 h.
1142 1536 1170 1582 e.
1186 1537 1256 1582 cum

201 1623 376 1688 Alcmaeon
398 1622 558 1705 ceterique
579 1621 613 1688 id
631 1628 767 1707 agerent
796 1628 832 1687 ut
841 1621 1087 1688 Themistoclem
1109 1642 1127 1687 e
1151 1621 1258 1705 patria

201 1727 399 1813 expellerent
428 1733 460 1793 et
489 1726 763 1792 criminationibus
793 1746 865 1792 eum
891 1726 1131 1792 insectarentur.
1190 1727 1259 1792 llus

202 1831 283 1898 duas
315 1849 430 1898 causas
458 1838 566 1897 'antem
599 1849 670 1898 oum
699 1829 907 1897 confuuderet
928 1829 1089 1897 Diodorus
1118 1829 1158 1895 de
1181 1829 1258 1895 dua·

202 1937 262 2002 bus
283 1936 543 2003 accusationibus
574 1956 631 2022 per
657 1935 931 2004 Lacedaemonios
963 1936 1105 2002 intentus
1134 1936 1259 2002 locutus

204 2047 281 2132 cst.N
305 2042 417 2108 Altera
439 2061 516 2107 vero
537 2041 655 2107 erroris
677 2039 831 2107 Diodorei
860 2061 960 2106 causa
992 2062 1010 2106 e
1044 2060 1161 2124 genere
1184 2041 1260 2106 scri-

203 2144 301 2211 bendi
331 2145 401 2212 cius
427 2144 567 2231 petenda
603 2151 666 2229 est,
699 2144 785 2228 quod
817 2165 903 2232 ,res,
937 2164 1020 2229 quae
1043 2153 1129 2213 certo
1150 2145 1259 2230 aliquo

202 2271 289 2318 anno
310 2251 380 2336 geri
401 2258 535 2337 coeptae
557 2257 647 2335 sunt,
681 2250 729 2316 ita
750 2250 1017 2336 persequebatur,
1049 2258 1086 2317 ut
1108 2251 1259 2317 continua

202 2355 387 2422 narratione
408 2355 544 2441 plurium
568 2373 724 2420 annorum
746 2359 820 2420 acta
841 2355 1141 2441 comprehenderet,
1164 2363 1260 2439 atque

202 2460 249 2525 ita
279 2458 407 2544 quidem
439 2468 472 2525 ut
507 2459 769 2525 narratiuncula
801 2459 938 2525 termino
961 2479 1054 2543 quem
1084 2459 1260 2526 indicasset

203 2586 267 2631 non
297 2564 341 2630 ad
373 2564 458 2631 hunc
492 2565 660 2630 terminum
687 2564 883 2650 institueret,
917 2573 1013 2650 atque
1047 2586 1167 2632 annum
1197 2586 1260 2649 quo

204 2669 281 2754 quid
303 2670 478 2756 inceptum,
511 2690 576 2736 uon
605 2690 668 2753 quo
701 2668 824 2734 linitum
847 2676 932 2735 esset
962 2668 1153 2755 notarct“⁸).
1197 2671 1259 2734 lta·

204 2795 265 2859 que
288 2795 359 2842 cum
388 2776 541 2841 terminus
572 2761 684 2856 aquo
706 2773 890 2840 Pausaniae
923 2772 1077 2872 proditio·
1092 2774 1205 2860 incipit
1228 2776 1261 2840 in

204 2879 293 2964 prius
314 2885 440 2963 tempus
461 2876 616 2964 cadattin
639 2898 759 2943 anuum
779 2899 809 2943 a.
823 2877 896 2944 cnr.
908 2898 939 2942 n.
959 2877 1049 2962 476),
1070 2898 1168 2960 quam
1177 2877 1260 2944 'Phe-

205 2980 359 3047 mistuclis
390 2979 522 3046 exilium
552 2988 584 3046 et
606 3000 690 3064 quac
723 3001 794 3046 cum
817 3001 856 3048 co
879 2980 1068 3065 cohaerent,
1105 2981 1175 3048 lieri
1196 3001 1261 3047 non

205 3085 309 3172 potuit
335 3085 412 3169 quin
433 3085 629 3151 Pausaniam
660 3085 822 3151 antehoc
849 3091 974 3171 tempus
1005 3093 1160 3152 mortuum
1191 3106 1263 3154 esse

206 3189 359 3256 scriberet
380 3196 476 3274 atque
498 3210 564 3256 rem
586 3209 735 3275 pcrvcmc
757 3189 932 3256 etcont'use
946 3200 1137 3276 exponeret3
1159 3211 1264 3276 neque

205 3295 281 3363 inde
302 3293 387 3379 quod
408 3293 597 3362 Plutarchus
618 3295 799 3361 accuratius
822 3313 894 3360 eam
915 3300 1100 3380 persecutus
1121 3295 1262 3362 aSiculo

207 3395 371 3481 dissentit,
403 3398 592 3465 concludere
614 3398 704 3483 licet,
731 3418 749 3464 e
781 3397 917 3465 diversis
944 3398 1086 3466 tontibus
1108 3419 1163 3465 eos
1186 3399 1263 3465 huu-

206 3505 296 3572 sisse.
339 3502 441 3587 quue
454 3523 493 3569 eo
516 3502 621 3569 minus
643 3502 712 3569 lieri
725 3509 840 3589 potest,
863 3524 935 3569 cum
957 3504 1037 3571 satis
1059 3504 1160 3570 multa
1182 3525 1263 3569 corn·

95 3695 97 3700 ,
205 3611 311 3676 munic
331 3609 430 3676 fontis
451 3608 590 3692 vestigia
624 3607 712 3695 apud
734 3617 900 3693 utrumque
922 3608 1137 3675 inveniantur.
1180 3610 1263 3676 Nam

207 3715 292 3799 quod
312 3714 473 3814 Diodorus
503 3712 544 3800 (c.
566 3714 624 3798 54,
658 3713 812 3801 5-55,3>
845 3713 886 3780 de
908 3713 1131 3781 Themistoclis
1164 3715 1262 3783 exilio

280 3979 307 4046 l)
324 3976 440 4040 Grote,
458 3975 569 4046 history
588 3976 620 4031 of
635 3975 741 4030 Grecce
761 3975 796 4040 V,
814 3991 879 4046 pag.
898 3975 950 4028 377
970 3974 1066 4027 annot.
1087 3971 1110 4025 l.

279 4067 308 4135 2)
326 4063 502 4130 Sintcnis,
520 4064 672 4120 Plutarcho
691 4062 894 4120 Themistocles
912 4061 970 4116 und
992 4061 1128 4124 Pericles,
1147 4057 1264 4129 Leipzig

211 4157 287 4210 1851.
306 4171 371 4225 pag.
392 4155 437 4208 ld.
473 4152 584 4217 Mulier,
603 4153 622 4207 f.
642 4152 670 4208 h.
690 4151 724 4208 G.
744 4152 780 4208 11.
800 4152 861 4210 619.

277 4246 306 4314 3)
326 4243 493 4307 Sebatum
513 4243 532 4297 l.
552 4242 572 4296 l.
591 4261 655 4312 pag.
673 4243 717 4297 20.
753 4239 995 4303 elimentur.
1016 4239 1263 4309 inpressoro.
