2954 4772
718 325 764 396 28

218 496 366 588 sibiipsi
387 498 574 568 retinentem
597 499 685 567 facit.
736 500 927 568 Plutarchus
955 499 1054 586 igitur
1075 495 1273 567 Herodotum

217 607 323 696 ipsum
345 627 409 674 non
431 607 568 694 evolvit,
590 606 647 674 sed
669 607 874 676 nomenoius
895 607 930 674 in
951 607 1040 675 fonte
1053 606 1206 695 primario
1225 607 1272 673 in·

218 711 316 782 venit.
359 711 466 792 Quare
489 711 651 797 cumipse
672 717 840 798 praeterea
861 712 1020 779 Phaniam
1041 718 1155 778 testem
1173 710 1273 780 nomi·

218 823 288 904 net,
312 837 376 885 non
399 822 448 883 cst
469 836 525 882 cur
546 835 587 882 ex
610 835 648 883 eo
671 817 943 884 narratiunculam
961 817 1057 884 istam
1072 816 1273 902 desumptam

218 941 290 989 esse
311 920 483 988 Plutarcho
506 941 570 986 non
596 920 780 1006 credamus,
813 922 876 990 nisi
899 921 984 1007 qnod
1015 920 1162 1006 equidem
1184 931 1270 1008 puto,

214 1045 261 1092 nc
282 1025 368 1093 hunc
390 1024 518 1110 quidem
540 1025 645 1110 ipsum
678 1045 698 1090 a
720 1026 891 1096 Plutarcho
922 1046 992 1094 esse
1013 1027 1192 1113 inspectum
1213 1025 1271 1093 sed

219 1151 335 1200 nomen
368 1130 436 1197 eins
469 1130 666 1198 eNeanthis
701 1131 853 1216 Cyziceni
882 1132 991 1218 libris,
1024 1132 1080 1217 qui
1112 1131 1271 1199 Phaniam

217 1254 275 1323 pro
297 1234 386 1304 fonte
406 1234 558 1320 primario
580 1236 728 1314 habuerit
749 1236 889 1304 fluxisse.
940 1236 1007 1305 Sed
1028 1237 1068 1304 de
1090 1238 1152 1304 hac
1175 1257 1272 1322 quae·

217 1341 321 1436 stione
335 1341 396 1408 sub
408 1341 504 1407 finem
525 1340 759 1410 dissertationis
770 1343 923 1410 nonnulla
933 1343 1013 1410 mihi
1023 1349 1097 1411 suut
1112 1342 1272 1423 addenda.

216 1446 327 1515 Altero
349 1454 456 1514 autem
477 1447 548 1513 loco
575 1468 595 1513 a
617 1448 789 1515 Plutarcho
812 1450 895 1516 inter
924 1449 1141 1515 narrationem
1166 1448 1272 1534 Epho-

217 1573 306 1621 ream
317 1553 517 1620 interiectam
537 1573 607 1621 esse
628 1560 706 1640 puto
729 1575 811 1639 quae
827 1554 861 1620 in
880 1574 950 1642 cap.
962 1556 1042 1622 VIII
1062 1555 1107 1644 (v.
1120 1555 1269 1643 optat)

218 1665 324 1726 exstat
356 1665 507 1726 accurata
539 1659 704 1728 Artemisii
724 1661 931 1747 promontorii
959 1661 1145 1748 descriptio,
1175 1683 1271 1746 qnam

216 1763 330 1831 leviter
351 1763 445 1831 modo
468 1764 516 1832 eis
540 1783 623 1849 quae
644 1765 789 1851 proxime
811 1765 1007 1852 praecedunt
1028 1761 1098 1834 esse
1111 1788 1272 1834 annexam

217 1869 377 1936 neminem
399 1869 491 1954 fugit.
533 1869 616 1937 Vide
638 1869 733 1938 modo
756 1890 852 1956 quam
874 1892 988 1959 parum
1009 1877 1085 1959 apte
1105 1873 1270 1942 Plutarchi

217 1975 318 2042 verba
341 1995 376 2042 se
399 1975 578 2061 excipiant:

303 2077 383 2165 „dds
405 2078 520 2153 παῖδας
541 2079 731 2144 Ἀθαναίων
753 2078 907 2162 ἐβάλοντο
930 2083 1078 2168 φαεννὰν

346 2181 496 2270 ,,αρηπτδ’
515 2183 721 2268 ἐλευθερίας·

218 2286 299 2374 ἀρχῆ
331 2290 394 2376 γὰρ
428 2290 527 2365 ὄντως
559 2293 615 2354 τοῦ
647 2292 744 2355 νινᾶν
775 2291 809 2354 τὰ
844 2292 993 2376 θαρρεῖν.
1054 2296 1135 2360 'Ecca
1157 2294 1194 2360 δὲ
1215 2301 1270 2382 τῆς

216 2391 359 2475 Εὐβοίας
391 2391 800 2479 triumphaverant.
870 2395 922 2462 An
954 2401 989 2463 tu
1023 2403 1118 2484 putas
1145 2401 1193 2467 ita
1226 2401 1269 2467 ab

216 2498 347 2584 Ephoro
367 2519 497 2586 pugnae
520 2498 764 2585 descriptionem
799 2505 832 2566 et
852 2502 1085 2586 panegyricum
1112 2504 1202 2570 illum
1235 2505 1269 2571 in

217 2603 413 2673 Graecorum
445 2605 576 2672 laudem
597 2604 741 2671 habitum
773 2603 873 2672 fuisse
901 2608 1104 2676 conclusum?
1157 2611 1268 2695 Neque

216 2730 310 2797 uero,
343 2716 436 2778 utut
464 2710 553 2797 apud
581 2730 691 2778 omncs
721 2715 846 2776 constat
878 2711 1041 2799 Ephorum
1070 2716 1164 2783 rebus
1194 2738 1269 2802 geo-

218 2815 381 2903 graphicis
403 2815 456 2882 vel
477 2815 617 2882 maxime
640 2833 771 2900 operam
794 2813 921 2882 dedisse
944 2822 976 2882 et
998 2818 1039 2885 ob
1055 2839 1126 2885 eam
1139 2839 1270 2887 causam

206 2942 238 2988 a
260 2929 402 2990 veterum
424 2921 632 3008 scriptoribus
654 2941 778 2988 summa
809 2921 906 2988 laude
928 2941 998 2990 esse
1028 2926 1223 2994 celebratum
1234 2925 1270 3015 ¹),
1310 2997 1316 3006 ,

216 3029 247 3096 ei
269 3028 324 3113 qui
348 3027 488 3095 omnium
510 3026 654 3112 gentium
674 3026 841 3095 historiam
863 3028 1038 3115 scripturus
1059 3038 1138 3118 erat,
1159 3032 1193 3099 in
1206 3035 1270 3100 sin·

214 3134 301 3218 gulis
321 3133 450 3220 templis
473 3139 505 3200 et
532 3132 695 3220 lapidibus
725 3132 944 3201 describendis
977 3134 1023 3202 ita
1053 3136 1169 3223 longus
1199 3160 1270 3210 csse

214 3239 342 3307 licebat.
385 3238 713 3326 Atthidographorum
735 3245 846 3306 contra
869 3246 946 3326 erat,
967 3241 1056 3308 illum
1078 3242 1183 3310 locum
1205 3266 1268 3331 quc
1336 3299 1337 3302 ,

205 3343 350 3431 ¹primurn
372 3366 393 3411 a
414 3345 608 3412 Graecorum
630 3344 734 3410 classe
755 3363 827 3410 cum
848 3345 995 3413 barbaris
1011 3369 1101 3414 arma
1123 3357 1270 3418 conserta

215 3456 322 3535 erant,
351 3471 414 3534 quo
446 3470 525 3536 prae
557 3449 630 3516 aliis
660 3449 806 3516 omnibus
835 3470 991 3518 summam
1013 3454 1150 3538 gloriam
1171 3457 1269 3524 Athe·

213 3555 343 3624 nienses
376 3555 439 3623 sihi
461 3560 728 3642 comparaverant
759 3556 998 3626 accuratissime
1029 3559 1194 3645 singultim
1214 3562 1268 3630 de·

214 3660 362 3726 scribere.
436 3660 579 3740 Quorum
616 3659 744 3744 quidem
786 3660 975 3747 scriptorum
1011 3684 1181 3749 quemnam
1211 3688 1268 3754 po·

213 3764 370 3832 tissimum
398 3770 474 3831 ante
504 3765 613 3832 oculos
647 3765 795 3832 habuerit
833 3766 1039 3856 Plutarchus,
1076 3792 1269 3859 quamquam

211 3877 299 3938 xcerto
322 3870 532 3939 demonstrari
554 3870 679 3958 nequit,
702 3870 742 3938 de
764 3871 851 3939 nullo
875 3892 947 3940 cum
967 3875 1040 3961 pari
1061 3877 1269 3947 similitudine

213 3975 283 4042 ueri
304 3975 438 4061 cogitari
461 3981 565 4062 potest
587 3997 684 4062 quam
706 3975 747 4044 dc
767 3977 974 4066 Philochoro,
1007 3980 1098 4050 cuius
1118 3988 1150 4050 et
1171 4004 1270 4072 supra

258 4225 315 4370 6215)
334 4223 389 4282 cfr.
411 4225 585 4286 ,Strabonem
612 4229 652 4286 Ill
679 4248 708 4301 p.
727 4229 796 4297 640;
821 4228 980 4302 Polybium
1003 4231 1080 4303 apud
1104 4231 1271 4289 eundemX

209 4329 238 4384 p.
313 4353 319 4369 .
