2954 4772
733 322 777 388 54

217 492 319 576 'quod
353 513 391 560 ea
421 495 491 579 ipsa
528 494 568 560 de
603 513 702 560 causa
735 492 999 562 verisimillimum
1022 496 1087 574 est,
1121 488 1291 573 quiscum

234 599 376 667 Diodoro
401 619 529 683 prorsus
542 599 708 666 consentit.
746 599 786 666 'Si
802 619 876 666 vero
889 599 949 664 hoc
965 595 1092 661 demum
1104 595 1173 659 loco
1185 593 1291 678 Epho-

234 725 303 770 rum
326 703 366 769 de
395 703 617 770 Themistoclis
645 705 842 791 reipublicae
870 699 1087 789 capessendae
1120 697 1290 783 disciplina

234 811 373 875 locutum
396 830 467 875 esse
482 809 640 894 ponimns,
662 829 825 877 sumamus
844 809 940 875 etiam
956 824 1086 872 necesse
1105 810 1162 889 est,
1184 803 1290 889 priore

235 914 342 998 aliquo
366 913 569 979 historiarum
603 913 671 978 eius
694 913 763 979 loco
787 912 989 978 occasionem
1023 909 1115 974 huius
1137 907 1183 972 rei
1206 925 1289 970 corn-

235 1017 460 1084 memorandae
483 1018 513 1083 ei
534 1024 664 1103 praesto
687 1038 751 1084 non
775 1017 891 1100 fuisso,
925 1023 1022 1099 atque
1052 1011 1155 1079 videri
1184 1009 1291 1095 Epho-

234 1145 319 1208 rum,
342 1143 426 1207 qnae
448 1129 522 1188 arrtc
544 1123 661 1189 bellum
685 1144 705 1188 a
727 1123 837 1189 Xerxe
860 1122 983 1188 illatum
998 1120 1032 1186 in
1048 1117 1185 1185 Graecia
1198 1121 1290 1198 gesta

234 1234 325 1295 eraut
347 1265 389 1276 —-
411 1227 666 1294 aedificationem
689 1227 819 1311 classis,
842 1226 994 1292 Aristidis
1014 1232 1046 1290 et
1066 1219 1291 1288 Themistoclis

234 1331 275 1400 de
297 1354 332 1400 re
355 1332 484 1418 publica
506 1331 722 1399 dissensiones
752 1331 860 1415 etqui
882 1330 957 1396 iude
987 1328 1145 1409 evenerit,
1178 1324 1290 1393 Aristi·

234 1439 285 1505 dis
308 1438 527 1506 ostracismum
548 1474 593 1486 -
616 1458 681 1503 non
703 1437 823 1523 scripta
845 1437 1007 1521 habuisse,
1028 1434 1086 1501 sed
1107 1432 1194 1499 bella
1215 1431 1290 1496 Per·

160 1589 169 1604 .
234 1544 302 1610 sica
323 1541 399 1608 inde
420 1542 463 1609 ab
496 1542 610 1608 itinere
632 1541 750 1607 Xerxis
783 1561 841 1627 per
863 1540 1033 1605 Thraciam
1057 1536 1290 1617 Graeciamque

234 1646 320 1712 iacto
343 1644 469 1712 demum
491 1645 673 1711 accuratius
694 1651 866 1729 tractasse,
890 1664 973 1730 quse
996 1651 1069 1708 ante
1092 1644 1152 1708 hoc
1165 1650 1290 1726 tempus

234 1772 256 1817 a
277 1750 491 1817 Themistocle
514 1751 547 1815 in
569 1749 708 1816 Graecia
730 1757 823 1834 gesta
846 1756 954 1834 eruut,
983 1747 1159 1833 posteriore
1181 1744 1290 1827 aliquo

235 1857 305 1922 loco
339 1875 402 1921 uno
435 1862 546 1921 tenore
579 1855 720 1921 breviter
753 1853 1040 1939 comprehendisse.
1104 1852 1208 1935 Atque
1243 1849 1289 1914 its
1386 1832 1391 1849 ’

235 1981 301 2026 rem
330 1979 366 2026 se
395 1959 514 2026 habere
544 1968 580 2028 ut
600 1966 764 2045 putemus,
798 1960 881 2025 alias
913 1979 1029 2025 causas
1062 1955 1235 2023 eDiodori
1258 1960 1291 2021 et

235 2064 397 2131 Plutarchi
430 2065 558 2150 scriptis
591 2065 706 2130 afferre
737 2085 832 2150 posse
862 2064 941 2130 mihi
974 2064 1093 2129 videor.
1149 2060 1291 2126 Primum

231 2169 320 2234 'euim
351 2168 385 2233 in
407 2167 540 2234 Diodori
570 2167 766 2234 bibliotheca
800 2175 876 2234 ante
906 2187 1048 2253 pugnam
1078 2164 1290 2232 Salaminiam

236 2275 370 2346 classem
404 2274 447 2339 ah
469 2269 719 2339 Atheniensibus
753 2293 824 2340 esse
855 2272 1059 2338 aedificatam
1081 2271 1168 2336 nullo
1191 2270 1289 2336 verbo

236 2380 355 2445 dictum
384 2384 449 2460 est,
483 2397 510 2443 c.
531 2379 628 2463 43,3
662 2384 773 2443 contra
806 2383 1010 2463 auctorest,
1041 2375 1290 2442 Themistoclem

236 2505 321 2550 anno
342 2485 405 2548 477
439 2483 558 2568 populo
586 2483 784 2569 persuasisse
812 2488 847 2549 ut
868 2483 985 2568 viginti
1007 2479 1178 2566 huotannis
1200 2481 1290 2547 trire-

236 2609 303 2655 mes
336 2589 546 2673 fabricarent,
581 2608 652 2655 cum
685 2586 882 2672 Herodotus,
921 2587 1141 2674 Thucydides,
1172 2588 1292 2672 Nepos,

236 2695 393 2778 Iustinus,
416 2693 606 2760 Plutarchus
628 2713 714 2759 anno
736 2693 801 2758 487
825 2714 854 2758 a
876 2693 950 2759 Chr.
972 2714 1003 2759 n.
1025 2698 1151 2758 centum
1173 2691 1290 2756 duceu-

236 2806 327 2866 tasve
348 2819 448 2864 naves
470 2797 658 2864 aedificatas
688 2817 775 2883 esse,
807 2806 840 2863 et
861 2819 992 2883 pugnae
1014 2796 1212 2864 Salaminiae
1233 2795 1290 2862 du·

237 2909 346 2970 oeutas
369 2920 470 2968 naves
492 2901 706 2968 Athenienses
729 2902 911 2968 interfuisse
932 2901 1116 2967 testessiut
1160 2900 1209 2965 Do
1229 2900 1290 2965 hac

237 3007 424 3092 quaestione
445 3015 551 3073 autem
576 3007 622 3073 ita
650 3007 857 3074 iudicandum
880 3027 968 3090 esse,
1000 3015 1036 3072 ut
1068 3027 1133 3072 nou
1164 3012 1292 3072 centum
1344 3077 1347 3084 ,

237 3121 293 3178 aut
315 3112 475 3178 ducentae
496 3131 597 3177 naves
618 3131 682 3177 uno
705 3132 807 3196 anno,
839 3111 897 3177 sed
919 3118 1041 3196 septem
1064 3108 1214 3195 deinceps
1235 3129 1293 3175 an·

237 3218 287 3284 nis
310 3217 511 3304 (ssu—480)
544 3217 678 3282 vicenae
708 3217 1043 3299 essentaedificatae,
1074 3216 1139 3281 iam
1173 3215 1310 3280 dudum‘

237 3323 280 3387 ah
303 3321 485 3388 hominibus
506 3320 607 3388 doctis
623 3321 647 3405 ¹)
670 3323 823 3388 monitum
846 3327 903 3388 est.
962 3323 1049 3386 Bene
1072 3327 1183 3386 contra
1205 3320 1293 3404 cogi·

239 3425 301 3492 tari
321 3431 442 3511 potest,
475 3425 639 3511 Ephorum
670 3447 741 3492 cum
763 3427 878 3512 prioris
900 3425 986 3491 illius
1009 3424 1084 3490 anni
1108 3443 1160 3490 res
1182 3431 1292 3507 gestas

238 3527 364 3595 silentio
379 3527 678 3616 praemisisset,
713 3531 772 3596 hoc
805 3531 874 3597 loco
917 3530 1012 3596 istam
1042 3550 1124 3613 rem,
1158 3533 1193 3593 ut
1223 3534 1293 3594 erat

238 3633 369 3699 maximi
392 3635 561 3719 momenti,
595 3636 801 3721 repetivisse;
840 3633 1016 3701 Diodorum
1047 3639 1171 3718 autem,
1209 3653 1292 3718 quae

238 3745 308 3804 erat
327 3739 522 3805 consuetudo
556 3739 625 3806 eius
646 3740 823 3824 scribendi,
857 3740 891 3804 in
923 3739 1041 3805 falsum
1072 3743 1198 3823 tempus
1220 3759 1292 3805 eam

238 3843 447 3910 transtulisse.
490 3844 624 3910 Accedit
642 3845 728 3929 quod
747 3843 937 3910 Plutarchus
954 3843 1100 3928 capilli
1112 3842 1168 3908 vit.
1181 3841 1292 3910 Them.

239 3970 310 4015 cum
332 3954 459 4034 narrat,
491 3947 664 4016 Aristidem
694 3955 770 4016 ante
792 3969 934 4034 pugnam
965 3947 1114 4014 navalem
1146 3946 1190 4013 ad
1211 3948 1293 4015 The·

448 4095 567 4110 ...η-..-

312 4179 339 4247 1)
359 4177 487 4242 Boeckh,
516 4176 759 4233 saeuiturum·
784 4177 883 4233 Athl
912 4195 941 4248 p.
967 4179 1030 4232 275.
1073 4176 1194 4242 Curtius,
1214 4177 1240 4231 h.
1261 4175 1294 4232 (i.

240 4285 267 4338 p.
286 4267 321 4322 32
340 4269 369 4321 et
387 4268 431 4332 29,
453 4267 493 4320 15.
533 4267 678 4331 Duncker,
697 4265 716 4320 l.
735 4265 754 4320 l.
774 4267 822 4330 IV.
843 4269 903 4322 tot.
