2954 4772
711 327 767 400 41*

203 508 358 597 trouve
380 533 409 576 ιι.
431 533 457 574 ι.
479 506 508 575 l.
543 506 662 596 optime
695 503 742 572 eis
775 523 858 588 quae
887 503 947 570 sub
969 500 1066 568 finem
1088 495 1258 586 cap.le

204 615 245 683 de
283 615 372 684 ducis
405 616 575 682 Persarum
616 609 790 678 certamine
826 608 977 693 leguntur
1009 625 1044 673 se
1077 603 1269 674 adnectunt.

206 722 297 803 Quae
329 742 370 788 ne
392 743 434 789 ex
455 719 618 788 Herodoto
644 717 776 784 fluxisse
798 720 954 802 putemus,
976 711 1166 784 Plutarchus
1188 710 1258 795 ipse

207 827 404 894 Simonidem
426 826 570 893 nominat
592 829 756 891 auctorem
777 821 811 887 in
834 820 924 887 cuius
948 817 1105 903 carmine,
1132 835 1261 897 ναυμα-

204 936 259 1014 χῖο
282 934 404 1019 Ξέρξου
418 930 518 1015 sivcp‘
535 931 571 996 dv
583 929 746 1013 Σαλαμῖνι
769 928 932 1009 ναυμαχία
945 926 970 1012 ¹)
992 924 1155 1010 inscripto,
1178 927 1263 1008 post·

206 1060 295 1108 remu
317 1040 432 1126 capitis
453 1039 515 1106 XV
536 1028 637 1105 ue'rba
672 1034 832 1104 exstitisse
854 1053 926 1100 cum
948 1030 1028 1100 satis
1051 1049 1171 1114 magna
1192 1046 1264 1115 pro·

209 1145 377 1216 habilitate
420 1143 613 1211 Sintenisius
634 1141 660 1228 ²)
697 1140 813 1228 posuit.
885 1138 1033 1206 Ceterum
1083 1133 1264 1224 putaverim

206 1251 370 1338 Ephorum
393 1249 448 1337 (ex
482 1249 551 1317 eius
578 1247 669 1315 libris
694 1247 779 1313 enim
801 1244 991 1311 Plutarchus
1013 1241 1187 1312 Simonidis
1208 1259 1264 1304 no·

207 1377 281 1424 men
303 1354 494 1442 desumpsit)
516 1354 604 1440 ipsos
626 1372 738 1419 versus
753 1349 928 1419 Simonidis
942 1349 1078 1434 scriptos
1094 1347 1265 1432 habuisse,

207 1464 308 1530 verba
339 1461 426 1528 enim
457 1457 500 1547 (v.
529 1459 586 1546 31)
623 1457 675 1542 την
704 1455 808 1541 καλὴν
840 1455 963 1539 ἐκείνην
991 1457 1046 1517 καὶ
1078 1452 1266 1538 περιβόητον

207 1564 367 1648 ἄρα’μενοι
390 1567 496 1648 vitruv,
528 1568 560 1629 ei
582 1558 618 1647 ἧς
640 1559 716 1625 οὔθ’
733 1559 877 1646 Ἕλλησιν
899 1558 969 1624 οὔτε
990 1560 1169 1642 βαρβάροις
1189 1555 1266 1620 1νᾶ-

210 1670 281 1734 λιον
302 1672 397 1754 ἔργον
417 1671 579 1753 εἴργασται
609 1666 831 1750 λαμπρότερον
852 1670 968 1752 poetae
991 1684 1080 1749 esse,
1108 1663 1179 1748 quis
1202 1682 1267 1730 non

208 1772 321 1849 videt?
355 1775 466 1858 Neque
490 1795 511 1839 a
532 1771 666 1840 Diodori
688 1776 818 1837 auctore
840 1769 1103 1838 alienum-fuisse
1126 1768 1267 1836 Graecos

211 1887 251 1946 et
264 1879 510 1947 Themistoclem
543 1878 585 1946 oh
607 1877 691 1944 hanc
719 1875 885 1943 victorium
915 1874 1065 1942 laudibus
1094 1873 1267 1956 celebrare,

210 1983 379 2069 qudsquam
408 1983 556 2070 negabit,
586 1982 641 2067 qui
673 1982 909 2067 comparaverit
935 1982 1035 2049 verba
1063 1981 1133 2048 eius
1156 1983 1207 2067 to,
1229 1980 1268 2051 3:

214 2085 245 2152 oi
266 2091 327 2171 μὲν
341 2087 489 2174 Ἕλληνες
523 2091 633 2152 τοῦτον
655 2087 710 2151 τὸν
731 2087 853 2171 τρόπον
875 2086 1122 2173 πραιερήσανιες
1143 2087 1268 2172 ἐπιφα-

212 2192 341 2282 νεστάτη
365 2197 529 2277 ναυμαχίᾳ
551 2195 623 2268 τούς
644 2195 833 2276 βαρβάρους
853 2191 1003 2278 ἐνίκησαν
1008 2221 1020 2272 ,·
1043 2193 1183 2278 et19,5:
1208 2195 1268 2258 Θι-

210 2297 378 2385 μιστοιλῆς
400 2298 436 2362 δὲ
458 2297 558 2376 δόξας
580 2303 681 2374 αἴτιος
701 2299 857 2377 γενέσθαι
885 2302 940 2383 τῆς
967 2300 1069 2383 νίκης,
1101 2318 1174 2365 eum
1195 2297 1269 2363 Plu·

210 2405 350 2472 taroheis
365 2425 448 2488 quac
464 2405 558 2471 attuli
574 2410 605 2472 et
618 2405 749 2471 cumeis
766 2424 849 2488 quac
861 2403 1011 2488 leguntur
1029 2402 1069 2491 (s.
1079 2403 1270 2488 fin.c.XV):

211 2507 248 2596 ἧς
276 2507 334 2580 oris
367 2509 460 2596 ἔργον
490 2512 652 2594 εἴργασται
683 2508 904 2594 λαμπρότερον
931 2506 1067 2594 ἀνδρείᾳ
1096 2511 1160 2572 τῶν
1189 2528 1270 2572 ναν-

212 2614 442 2704 μαχησᾰνιων,
482 2615 622 2706 γνώμη
657 2614 700 2678 δὲ
733 2619 801 2678 καὶ
833 2612 1036 2700 δεινότητι
1072 2615 1271 2696 Θεμιστο-

213 2719 376 2797 ιιλέοας.
442 2723 553 2807 Neque
575 2720 662 2806 quod
692 2720 779 2787 idern
808 2720 900 2787 addit
922 2720 989 2806 (19,
1012 2722 1047 2807 3)
1069 2720 1205 2807 periisse
1234 2720 1269 2786 in

214 2848 326 2914 pugna
357 2828 468 2895 navali
496 2828 540 2893 40
573 2847 675 2894 naves
704 2826 964 2913 Atheniensium,
994 2828 1164 2894 Persarum
1197 2826 1270 2912 plus

214 2951 311 3015 quam
333 2933 398 3000 200
420 2931 601 3000 Herodotus
623 2932 767 3018 scripsit,
801 2952 901 3017 quare
922 2933 957 3000 id
978 2953 1104 3018 quoque
1119 2931 1205 3017 quod
1223 2951 1272 3000 se·

215 3033 322 3119 quitur
345 3036 396 3120 19,
417 3036 455 3101 4:
488 3035 683 3120 Phoenices,
716 3055 788 3102 cum
820 3036 915 3122 primi
944 3037 1056 3122 fugam
1083 3037 1273 3124 capessivis-

216 3145 302 3224 sent,
332 3157 471 3225 poenam
500 3138 718 3206 imminentem
747 3139 866 3208 veritos
895 3148 991 3208 noctu
1014 3142 1048 3207 in
1069 3141 1181 3209 Asiam
1205 3161 1272 3210 cur·

216 3264 287 3312 sum
308 3243 459 3331 uertmse,
480 3244 610 3331 Ephoro
632 3245 836 3312 tribuendum
859 3252 922 3332 est,
952 3267 1144 3331 quamquam
1173 3247 1274 3313 Hero

218 3348 311 3418 dotus
335 3349 437 3437 (VIII,
446 3350 503 3437 90)
519 3349 559 3416 de
575 3351 637 3426 hac
659 3371 694 3418 re
716 3372 845 3437 prorsus
863 3371 935 3419 cum
952 3351 1094 3420 Diodoro
1118 3351 1274 3437 congruit.

284 3455 399 3542 Capite
421 3455 500 3522 XVI
522 3454 639 3523 deinde
660 3456 841 3543 Plutarchi,
874 3458 1010 3524 alterum
1038 3457 1118 3526 illud
1147 3456 1274 3524 Themi·

217 3562 326 3630 stoclis
347 3568 544 3648 stratagema
566 3562 746 3649 exponitur,
768 3563 891 3649 inquo
913 3563 1083 3631 narrando·
1096 3569 1217 3649 quanta
1233 3563 1275 3630 sit

217 3667 312 3736 huius
334 3667 451 3754 capitis
473 3673 506 3734 et
526 3667 614 3734 vitae
635 3667 733 3735 Arist
756 3689 827 3756 cup.
849 3670 897 3735 lX
919 3669 1135 3756 necessitudo,
1165 3670 1274 3754 legen-

215 3773 300 3842 tibus
340 3773 485 3858 relinquo
524 3773 796 3858 investigandum.
855 3775 961 3859 Atque
1000 3795 1072 3842 cum
1101 3774 1274 3842 Plutarcho

217 3878 378 3951 Diodorus
399 3899 529 3966 prorsus
563 3879 738 3967 consentit,
768 3881 939 3966 nisiquod
968 3881 1020 3948 hic
1042 3881 1169 3966 quidem
1192 3880 1282 3968 The-¹

216 3983 392 4051 mistoclem
414 3984 541 4052 misisse
552 3984 725 4052 liberorum
740 3993 989 4074 praeceptorem,
1010 3986 1202 4054 Plutarchus
1218 4006 1274 4053 uu·

247 4161 585 4306 11ἐ)101ι.ἒη1ιο1ιι1.
616 4161 762 4234 Aristoph.
791 4164 875 4236 Vesp.
903 4183 930 4221 r.
957 4163 1040 4233 1402,
1066 4164 1096 4221 et
1120 4160 1157 4218 ad
1183 4161 1275 4234 Apoll.

221 4251 314 4307 Ro.
348 4267 404 4317 ,a
459 4250 484 4304 1.

288 4340 319 4415 a)
335 4337 461 4398 suana
478 4340 497 4398 r.
516 4340 541 4402 1.=
554 4359 583 4414 p.
602 4339 674 4396 roe,
709 4398 713 4404 ,
