2954 4772
730 264 773 332 52

224 459 300 524 gum
322 436 508 523 Pompeium
529 442 561 502 et
584 438 739 523 Nepotem
761 438 959 524 Theopompi
982 439 1122 506 maxime
1144 440 1284 524 vestigia

224 543 379 630 pressisse
401 540 505 627 (cuius
524 540 571 608 rei
594 541 743 627 exempla
773 541 947 608 attulemnt
974 542 1140 628 Frickius,
1172 542 1283 609 Stede·

223 646 341 714 soldius
363 643 633 731 Gutschmidius),
666 646 781 729 qulbus
803 644 843 710 de
866 645 973 711 causis
995 666 1059 711 non
1089 666 1219 729 vereor,
1243 666 1283 712 ne

225 752 362 818 nimise
390 750 527 817 veritate
558 749 722 837 aberrem,
753 749 780 816 si
802 747 980 818 Diodorum
1013 757 1045 816 et
1077 751 1283 818 Plutarchum

225 857 371 943 llphoro,
404 855 560 940 Nepotem
593 858 625 918 et
654 854 812 920 Iustinum
833 853 1041 941 Theopompo
1064 857 1096 921 in
1121 854 1283 923 narranda

225 980 384 1030 murorum
406 958 650 1024 Atheniensium
671 957 894 1024 aedificatione
917 979 993 1026 usos
1016 980 1088 1026 esse
1109 967 1258 1028 statuam.

291 1063 442 1131 Annectit
476 1062 526 1128 his
557 1061 748 1129 Plutarchus
773 1063 861 1150 (inde
884 1085 904 1130 a
927 1086 956 1129 v.
981 1065 1021 1129 13
1045 1087 1076 1150 p.
1097 1066 1175 1148 235)
1198 1086 1281 1151 quae

166 1245 169 1254 ,
227 1170 325 1236 hebet
347 1168 387 1235 de
402 1167 518 1232 Piraeo
540 1173 632 1251 portu
645 1165 859 1234 Themistocle
881 1173 1011 1232 auctore
1032 1169 1164 1254 munito,
1186 1177 1283 1253 atque

225 1276 271 1342 ite
294 1272 422 1360 quidem
444 1272 526 1338 hunc
555 1290 622 1336 rem
645 1270 814 1356 describit,
844 1271 938 1354 quusi
972 1276 1049 1338 tuuc
1080 1274 1218 1360 primum
1246 1274 1281 1340 in

226 1386 364 1450 mentem
396 1376 603 1444 Themistocli
631 1377 772 1442 venisset
804 1376 954 1442 Piraeum
979 1385 1105 1462 portum
1126 1378 1284 1464 simulque

226 1485 416 1554 tutissimum
437 1481 632 1568 praesidium
655 1481 864 1566 constituere,
888 1483 1080 1566 quamquem
1102 1503 1173 1550 cum
1196 1481 1284 1571 opud

227 1609 336 1659 omues
366 1593 492 1655 constat
524 1593 591 1652 tum
622 1585 829 1671 Thucydides
865 1587 1073 1670 gravissimus
1105 1589 1197 1655 testis
1233 1595 1282 1656 est

227 1697 267 1781 tl,
290 1693 346 1780 93)
380 1692 440 1758 hoc
474 1710 555 1776 opus
587 1690 748 1775 inceptum
777 1709 848 1756 esse
879 1691 1030 1757 archonte
1059 1691 1281 1764 Themistocle.

228 1802 298 1880 Quo
332 1797 460 1883 quidem
494 1814 579 1860 nuno
611 1793 666 1859 ille
698 1807 822 1860 summo
855 1795 1046 1880 magistratu
1079 1797 1207 1864 iunctus
1228 1798 1280 1883 sit,

227 1902 444 1972 controversie
467 1905 515 1966 est
536 1899 620 1964 inter
642 1896 786 1964 homines
809 1897 928 1966 doctos.
973 1899 1053 1967 (tum
1076 1923 1150 1968 vero
1174 1903 1281 1971 esolo

228 2008 385 2094 Dionysio
409 2002 582 2090 (erchueol.
605 2023 757 2072 romanae
779 2003 834 2070 VI.
856 2002 913 2090 34)
937 2013 1040 2071 certus
1061 2027 1165 2074 eunus
1188 2006 1282 2076 nobis

226 2113 363 2180 traditus
384 2111 435 2195 sit,
457 2107 571 2195 (fuisse
587 2126 658 2172 eum
677 2107 862 2174 archontem
884 2129 969 2175 cuno
984 2131 1015 2175 e.
1027 2110 1101 2178 Chr.
1113 2133 1143 2178 n.
1155 2112 1281 2200 teste),

228 2238 331 2304 neque
352 2216 417 2282 ullo
439 2219 606 2300 praeterea
626 2212 711 2296 loco,
734 2231 797 2296 quo
819 2212 989 2280 archontes
1011 2215 1126 2284 atticos
1148 2219 1281 2304 notovit,

228 2321 404 2408 Dionysius
422 2336 536 2405 parum
558 2319 743 2380 accuratum
765 2334 800 2380 se
822 2315 1008 2400 praebuerit
1018 2317 1060 2405 ¹),
1090 2340 1193 2404 neque
1216 2320 1281 2388 ullo

228 2435 370 2495 veterum
381 2422 562 2491 testimonio
578 2419 728 2504 Dionysii
742 2419 822 2487 illud
838 2420 1002 2507 refutetur,
1021 2442 1093 2489 oum
1110 2425 1285 2512 Bocekhio,

229 2533 419 2614 Dunck'ero‚
441 2526 551 2616 Curtio
564 2524 589 2612 n)
613 2522 664 2590 hic
681 2544 785 2588 annus
807 2524 850 2590 ch
872 2531 1003 2593 auclore
1023 2526 1086 2593 fide
1108 2527 1283 2613 dignotre·

230 2639 315 2705 ditus
338 2630 523 2702 retinendus
545 2635 612 2712 est,
646 2633 757 2693 contre
781 2627 960 2695 Olintonem
973 2629 1011 2716 ³),
1032 2633 1086 2717 qui
1110 2654 1196 2701 nuno
1216 2635 1281 2724 ,481

229 2737 476 2810 Themistoclem
487 2733 673 2800 archontem
688 2731 788 2798 fuisse
805 2733 943 2822 scripsit,
964 2736 1041 2818 quia
1057 2757 1120 2804 nou
1131 2745 1227 2825 recte,
1249 2746 1285 2807 ut

229 2846 373 2928 videtur,
394 2839 588 2909 scholiastae
623 2836 681 2926 (ed
701 2836 803 2904 Thuc.
825 2838 850 2904 Ι.
874 2839 930 2924 93)
961 2842 1062 2908 verba
1081 2843 1239 2911 intellexit
1248 2844 1284 2931 ⁴).

229 2948 375 3018 Eundem
396 2943 589 3012 scholiastes
612 2947 737 3009 secutus
760 2942 858 3008 (itote
881 2942 1018 3031 (history
1039 2945 1077 3012 oi
1095 2946 1149 3014 Gr.
1160 2946 1284 3035 7334)

155 3097 157 3104 ,
229 3077 294 3126 non
316 3065 379 3144 quo
402 3069 488 3116 suno
510 3047 741 3114 Themistocles
763 3046 900 3134 archon,
935 3038 992 3129 sed
1024 3070 1087 3135 quo
1118 3050 1286 3139 στρατηγός

228 3163 306 3245 fuit,
328 3175 408 3244 opus
428 3155 590 3238 inceptum
611 3169 683 3216 esse
705 3149 786 3234 vult,
813 3150 871 3216 sed
894 3151 953 3218 hoc
973 3161 1103 3240 propter
1123 3154 1286 3241 Thucydi-

229 3277 518 3296 fau-

306 3335 332 3403 1)
351 3331 385 3385 A.
404 3328 566 3393 Schtiem
594 3330 630 3384 de
653 3345 747 3384 rerum
765 3331 830 3399 post
848 3330 955 3386 bellum
975 3329 1115 3385 Persicum
1141 3331 1285 3399 usquead

230 3422 387 3486 tricennale
407 3417 505 3474 foedus
524 3417 554 3474 in
573 3417 692 3473 Graecia
710 3421 856 3490 gesturum
874 3419 1051 3490 temporibus
1069 3435 1097 3489 p.
1118 3419 1160 3474 te.

302 3514 330 3582 2)
352 3507 497 3572 Bocclrh,
516 3510 697 3562 commentet-
715 3507 795 3563 aoed.
813 3507 904 3563 Berol.
924 3508 993 3563 1827
1013 3525 1041 3578 p.
1051 3506 1100 3562 tet
1111 3523 1172 3576 seq.
1199 3507 1285 3566 Dun-

231 3605 328 3666 cher,
346 3597 412 3653 hiet.
430 3595 540 3664 antiqu.
560 3595 608 3660 IV,
622 3597 683 3650 65‘2.
720 3595 878 3661 Curtius,
901 3595 928 3652 h.
948 3595 981 3650 (l.
991 3595 1027 3664 11,
1046 3613 1074 3664 p.
1087 3596 1118 3650 17
1138 3597 1168 3650 et
1186 3614 1213 3665 p.
1225 3597 1286 3661 728,

231 3693 327 3748 annot.
349 3687 390 3739 10.
408 3688 484 3754 etp.
504 3685 565 3738 730.
583 3687 681 3739 annot.
703 3686 745 3739 17.

304 3778 332 3847 3)
351 3773 514 3837 Gliutou,
532 3772 601 3827 iusti
621 3773 761 3828 Helleuici
781 3772 817 3828 Il.
836 3791 863 3842 p.
883 3773 928 3827 28.

302 3867 331 3936 4)
350 3863 428 3920 Dicit
447 3862 524 3918 enim
542 3879 570 3933 p.
591 3862 694 3918 117111.
713 3862 732 3918 1.
751 3862 784 3917 l.:
813 3862 891 3932 Why
913 3862 984 3917 theu
1002 3861 1121 3916 schould
1139 3879 1181 3916 we
1199 3862 1288 3933 reject

230 3959 280 4012 the
297 3954 450 4020 testimony
469 3950 501 4004 oi
515 3951 723 4017 theSeholiest,
737 3952 801 4006 who
819 3951 926 4006 efflrms
944 3950 1009 4004 emt
1016 3949 1220 4008 Themistocles
1232 3968 1289 4007 uss

230 4048 335 4104 archon
360 4046 388 4097 te
414 4058 483 4110 year
501 4040 596 4099 betore
616 4041 665 4097 the
690 4040 805 4098 Medien
823 4056 883 4096 wer
902 4068 933 4081 -
963 4037 1017 4109 πρὸ
1036 4039 1065 4092 δὲ
1090 4040 1142 4094 mir
1160 4041 1289 4108 Μηδικῶν

230 4131 306 4211 ἦρξεν
325 4131 445 4187 ἐνιαυτὸν
462 4129 510 4184 ἕνα
530 4161 562 4170 -
582 4123 664 4187 when
684 4133 708 4186 it
726 4131 751 4188 is
768 4133 798 4187 in
819 4130 909 4188 entire
929 4128 1099 4200 conformity
1124 4130 1193 4186 with
1213 4132 1287 4218 Thus

231 4224 346 4298 cydides
363 4239 439 4291 npou
458 4221 507 4276 the
526 4221 657 4291 subjecti
