2954 4772
714 313 770 387 ,35

211 483 375 556 Herodoto
412 490 521 553 autem
567 483 686 553 diremi
721 486 787 553 sint
823 486 858 552 in
891 487 1062 556 narrandis
1103 489 1150 557 cis
1185 509 1269 577 quae

213 589 338 658 Xerxes
365 590 484 658 nuntio.
499 590 721 661 Themistoclis
751 598 883 679 accepto
915 593 1027 678 egerit.
1070 595 1158 662 Dicit
1189 597 1274 664 enim

215 695 377 765 Diodorus
411 697 466 781 ll,
495 697 531 762 2:
566 693 696 772 οδδδς
728 693 801 762 criu
839 696 881 762 τδ
920 701 997 763 τοῖν
1033 699 1274 780 Αἰγυπτίων

215 801 416 866 ναυτιτδν
437 800 652 890 ἐξέπεμψε
673 802 914 886 προςτοίξας
934 802 1184 896 ἐρφροῖττειν
1204 804 1275 871 τδν

214 906 366 989 μεταξὺ
388 906 492 989 πόρον
513 909 567 992 τῆς
591 930 619 970 τε
645 905 832 990 Σαλαμῖνος
858 911 913 972 καί
934 911 987 994 τῆς
1007 910 1194 996 Μεγαρίδος
1213 913 1274 993 χοί-

214 1033 275 1096 ρας
297 1017 329 1078 et
346 1011 536 1078 Plutarchus
559 1032 585 1078 ο.
606 1012 681 1097 XII,
704 1012 741 1079 5:
764 1017 818 1075 sai
840 1011 928 1088 τέλος
949 1011 1079 1089 assos
1101 1014 1273 1102 ἐξέφερε

209 1118 296 1201 πρδς
328 1117 401 1202 roric
446 1114 604 1202 ἡγεμόνας
641 1120 704 1181 τῶν
737 1122 835 1198 νεῶν,
869 1119 925 1194 τοὶς
957 1122 1018 1202 μὲν
1050 1119 1154 1196 ἄλλος
1189 1120 1273 1208 πίρ-

215 1224 292 1306 ροῦν
313 1223 391 1284 καθ’
411 1221 559 1307 ἡσυχίαν,
584 1220 825 1299 διακοσίαις
846 1222 876 1288 δ’
898 1221 1168 1306 ἀναχθέντας
1195 1226 1270 1312 ἢδρ

215 1324 519 1412 περιβαλέσθαι
550 1327 616 1390 τδν
643 1328 774 1413 πόρον
806 1327 851 1392 ἐν
872 1326 1008 1416 κύκλῳ
1037 1351 1067 1394 τ.
1089 1352 1115 1395 τ.
1138 1328 1167 1396 ί.
1201 1329 1273 1418 (du-

215 1439 326 1500 centas
363 1432 448 1498 enim
481 1431 554 1499 illas
583 1433 748 1499 Plutarchi
781 1453 881 1500 naves
913 1432 999 1500 idern
1031 1434 1155 1520 valere,
1187 1436 1273 1520 quod

213 1535 348 1604 Diodori
369 1535 550 1621 Aegyptias
580 1536 700 1602 nemini
723 1537 854 1603 dubium
876 1537 953 1622 erit,
984 1537 1014 1604 si
1034 1537 1188 1625 attulero,
1207 1538 1269 1606 Ae-

218 1641 402 1728 gyptiorum
412 1639 545 1707 classem
567 1639 672 1727 ipsam
694 1639 902 1707 ducentarum
913 1640 1044 1707 nauum
1065 1640 1175 1727 fuisse,
1197 1642 1273 1710 Her.

216 1745 288 1831 VII,
313 1745 372 1810 89:
396 1741 614 1822 Αίγύπτιοιδὲ
637 1746 712 1819 νέας
732 1746 921 1829 παρείχοντο
942 1741 1136 1831 διηκοσίας),
1171 1745 1272 1812 Hero-

216 1850 310 1918 dotus
332 1855 442 1916 contra
465 1849 576 1936 (VIII,
597 1850 653 1936 76)
682 1850 791 1936 paullo
819 1849 914 1916 aliter
941 1850 1028 1934 regis
1058 1850 1194 1917 consilia
1215 1851 1270 1917 de·

217 1955 336 2041 scribit,
358 1973 462 2039 neque
480 1953 580 2020 ullam
602 1954 731 2022 omnino
748 1954 931 2041 Aegyptiae
950 1954 1063 2021 classis
1079 1956 1273 2022 mentionem

216 2060 303 2127 iacit.
347 2060 438 2141 Quae
468 2058 585 2126 deinde
616 2080 638 2124 a
659 2080 689 2126 r.
712 2060 732 2125 8
754 2081 786 2145 p.
807 2061 872 2125 232
902 2079 1003 2145 usque
1037 2058 1198 2127 adfinem
1220 2080 1272 2127 ca-

215 2166 294 2253 pitis
314 2166 380 2232 XII
401 2164 589 2232 Plutarchus
610 2170 732 2250 narrat,
754 2163 929 2232 Aristidem
946 2164 1074 2249 Aegina
1095 2165 1272 2250 profectum

216 2271 463 2342 Themistoclem
486 2270 653 2338 certiorem
669 2269 794 2356 secisse,
816 2271 954 2338 navibus
975 2270 1061 2355 cingi
1084 2292 1105 2337 a
1127 2271 1274 2338 barbaris

215 2377 339 2444 insulas
361 2375 544 2460 faucesque,
566 2373 653 2461 apud
676 2373 853 2441 Diodorum
876 2373 1006 2458 quidem
1026 2394 1091 2442 non
1113 2374 1273 2461 leguntur,

216 2484 274 2552 sed
296 2490 363 2550 tam
385 2488 472 2549 arcte
494 2502 565 2548 cum
587 2481 633 2548 eis
656 2501 740 2566 quae
751 2479 949 2568 praecedunt
969 2480 1152 2567 cohaerent,
1174 2488 1210 2547 ut
1231 2502 1271 2550 ea

215 2591 285 2659 sola
314 2591 355 2657 do
385 2609 484 2656 causa
519 2588 649 2675 Ephoro
679 2586 894 2654 adscribenda
924 2586 997 2654 sint.
1050 2587 1194 2654 Tertium
1222 2608 1272 2655 cc·

214 2703 317 2764 terum
356 2694 490 2762 exilium
519 2691 671 2760 Aristidis
699 2692 761 2758 hoc
798 2692 867 2758 loco
909 2697 1173 2759 commemoratur
1203 2689 1273 2778 (cir.

215 2824 286 2888 cap.
307 2801 355 2887 V,
378 2805 410 2867 et
431 2821 501 2885 cap.
523 2799 587 2884 XI)
620 2796 678 2864 sed
708 2804 775 2863 tarn
802 2799 884 2865 bene
905 2796 940 2862 in
973 2817 1151 2864 connexum
1173 2797 1271 2864 totius

215 2904 411 2973 narrationis
432 2903 585 2969 insertum
608 2907 666 2987 est,
687 2907 723 2966 ut
744 2900 908 2967 Plutarchi
930 2907 1092 2968 auctorem
1115 2906 1147 2966 ot
1166 2901 1271 2988 ipsum

217 3009 278 3076 hoc
305 3009 375 3074 loco
398 3004 535 3073 eandem
567 3026 634 3072 rcrn
663 3005 816 3091 scriptam
846 3005 996 3072 habuisse
1017 3010 1133 3091 putare
1155 3003 1272 3074 debea-

216 3132 297 3180 mus.
340 3111 542 3195 Quamquam
570 3109 699 3194 quidem
721 3130 779 3196 pro
809 3115 895 3196 ccrtp
918 3109 970 3175 hio
991 3107 1132 3176 nondum
1155 3108 1271 3178 diiudi-

217 3217 284 3282 cari
309 3221 415 3298 potest
447 3219 553 3279 utrum
575 3213 741 3300 Ephorus,
772 3213 849 3280 item
882 3219 917 3278 ut
939 3213 1136 3299 Herodotus,
1168 3215 1272 3303 (VIII,

217 3325 235 3390 7
240 3323 274 3410 9)
296 3320 357 3389 hoo
379 3319 583 3387 historiarum
605 3320 676 3386 loco
697 3319 871 3386 Aristidem
892 3318 1029 3406 primum
1060 3319 1273 3388 nominaverit

216 3448 335 3514 neone,
364 3425 399 3492 id
422 3430 508 3492 certe
530 3423 686 3511 probatur
708 3423 794 3507 quod
812 3443 911 3519 supra
934 3422 991 3511 (ad
1014 3443 1085 3509 oap.
1105 3423 1168 3509 XI)
1191 3421 1273 3490 dixi·

204 3555 303 3620 mus,
332 3531 539 3599 Plutarchum
575 3551 646 3598 cum
677 3530 823 3616 afferret,
853 3528 1028 3597 Aristidem
1060 3528 1274 3596 Themistocle

204 3647 347 3708 auctore
370 3644 444 3704 autc
466 3656 609 3723 pugnam
632 3634 782 3702 navalem
804 3635 846 3701 ab
858 3634 1110 3702 Atheniensibus
1132 3655 1203 3702 esse
1224 3657 1273 3704 rc·

216 3752 383 3829 vocaturn,
411 3741 540 3828 Ephoro
565 3761 630 3808 non
658 3761 750 3808 nsum
781 3761 861 3807 esse.
904 3741 988 3808 Nam
1015 3738 1101 3824 quod
1122 3739 1182 3806 hoc
1203 3741 1273 3808 loco

201 3851 294 3918 'dicit
315 3848 359 3937 (v.
382 3849 420 3913 11
450 3868 481 3935 p.
504 3847 602 3935 232):
623 3845 813 3931 Ἀριστείδης
836 3897 844 3913 .
867 3894 876 3912 .
901 3840 975 3931 ἧκεν
1003 3845 1058 3910 ἐπὶ
1078 3845 1134 3930 τὴν
1155 3846 1274 3932 σκρνῆκ

216 3959 273 4020 τοῦ
304 3950 572 4033 Θεμιστοκλέους,
596 3949 654 4016 οδκ
677 3954 724 4014 (ἐν
753 3950 861 4035 φίλος,
898 3949 986 4014 ulta
1013 3953 1067 4013 καί
1088 3946 1130 4013 δι’
1150 3949 1274 4016 ἐκεῖνον

202 4058 611 4148 ἐξωστρακισμένος,
632 4057 710 4123 item
731 4062 766 4123 ut
781 4055 937 4124 Herodoti
957 4055 1059 4124 verba
1081 4054 1184 4142 (VIII,
1207 4057 1275 4145 79),

217 4161 519 4251 (ἐξωστρακισμένος
550 4159 751 4226 diuinitati
775 4159 893 4248 δήμου)
924 4160 972 4226 ita
1003 4161 1105 4227 sulum
1135 4161 1275 4248 intelligi

208 4271 367 4354 possunt,
400 4272 434 4334 ut
455 4263 616 4335 Aristides
643 4265 679 4332 in
714 4266 787 4352 ipsa
816 4285 928 4353 pugna
960 4263 1142 4332 Salaminia
1168 4284 1276 4351 poena

950 4387 1005 4455 31
