2954 4772
707 255 749 319 65

282 419 392 496 Priori
422 428 495 493 huic
528 428 678 494 relationi
700 428 890 494 Plutarchus
912 428 993 494 alias
1016 430 1096 496 duas
1118 431 1260 503 eiusdem

193 534 242 600 rei
265 533 344 598 inde
372 555 394 598 a
416 554 446 598 v.
470 533 490 597 8
511 553 541 616 p.
564 532 628 598 243
647 529 745 594 Ἔνιοι
774 535 834 615 μὲν
858 529 915 596 οὖν
946 557 974 597 ιι.
997 556 1022 597 ι.
1046 532 1074 599 λ.
1106 537 1259 622 annectit,
1334 533 1345 540 ’

81 685 93 728 .'
193 659 335 725 quarum
368 637 470 703 altera
503 656 588 732 oum¹
604 636 816 724 Thucydiden
852 639 1011 704 convenit.
1063 640 1186 706 Tamen
1220 661 1261 708 ne

193 744 246 809 hie
272 742 419 828 ,quidem
447 739 646 825 Thucydidis
687 740 788 807 libros
826 741 984 807 evolvisse
1016 743 1177 828 putandus
1202 753 1259 815 est.

65 852 90 930 ⁴,
193 845 418 931 Neque-enim
442 844 494 910 hio
516 839 652 938 scripsit,
675 844 761 928 quod
783 845 878 940 affert
900 846 1107 933 Plutarchus,
1129 847 1259 916 Admeti

194 953 342 1019 mulieris
363 970 488 1016 nomen
513 949 628 1012 Φθίαν
657 949 774 1034 fuisse,
807 970 911 1034 neque
941 951 1077 1017 alteram
1106 952 1259 1020 narratio-

86 1107 88 1117 .
196 1077 269 1124 nem
293 1075 473 1140 quaecum
503 1054 610 1140 priore
632 1060 720 1120 arcte
736 1056 739 1062 ’
753 1055 922 1122 coniuncta
943 1054 1062 1138 legitur
1084 1055 1177 1140 (ἔνιοι
1199 1061 1260 1136 μὲν

196 1157 287 1224 οὖν.
316 1211 323 1224 .
352 1151 464 1232 ,τινὲς
490 1157 540 1244 δὲ)
570 1141 662 1243 apud'
689 1165 761 1223 eum
794 1157 948 1224 invenies.
992 1159 1181 1225 Plutarchus
1203 1181 1259 1245 po·

198 1266 263 1333 tius
294 1263 372 1330 inde
404 1285 424 1328 a
456 1263 564 1329 verbis
580 1262 681 1325 Ἔνιοι
698 1267 758 1343 μὲν
781 1258 836 1326 οὖν
871 1270 1001 1330 auctore
1036 1263 1186 1330 historico
1208 1285 1257 1330 re-

197 1370 274 1437 licto
307 1370 351 1436 ad
382 1369 466 1435 alius
489 1367 618 1452 generis
640 1367 761 1433 fontem
783 1367 929 1434 fontesvc
951 1370 1083 1454 transit,
1106 1389 1185 1454 quos
1208 1391 1256 1437 se-

25 1405 57 1540 ι·’
82 1524 87 1532 .
201 1480 291 1538 cutus
310 1472 469 1558 capitibus
481 1466 732 1537 XXv-XXXI
754 1477 882 1537 narrat:
903 1472 1150 1538 lIhemistoolem
1160 1474 1258 1558 Argis

201 1578 235 1642 in
261 1577 370 1642 Asiam
393 1575 505 1660 fugam
535 1567 746 1660 capessivisse
778 1581 823 1659 et,
847 1596 918 1640 cum
946 1576 1110 1660 Nioogene
1133 1575 1258 1662 hospite

202 1680 377 1746 auxiliante
398 1681 482 1746 Susa
504 1680 655 1763 venisset,
677 1701 698 1744 a
720 1699 797 1762 rege
816 1679 986 1745 Persarum
1008 1679 1164 1746 benevole
1188 1701 1258 1746 esse

70 1805 78 1848 c
201 1789 385 1868 exceptum
395 1783 692 1870 (XXv-XXIX),
715 1782 801 1867 apud
831 1803 924 1866 quem
945 1803 1016 1848 oum
1037 1784 1179 1849 maxima
1202 1783 1258 1848 flo·
1359 1775 1361 1780 ’

42 1907 70 1932 ¹·
113 1929 119 1938 .
200 1895 286 1954 reret·
303 1889 474 1954 auctoritat
475 1909 503 1973 e,
460 1887 722 1986 tinnobilium
732 1889 903 1953 Persarum
913 1887 1071 1953 rnvrdram
1090 1890 1118 1954 ei
1143 1895 1256 1956 vocato

69 2035 74 2052 .
199 1992 316 2076 ubique
337 1999 469 2077 paratas
481 2012 551 2058 esse
573 1990 739 2057 insidiose
761 1992 874 2073 quibus
895 1991 1039 2057 omnibus
1051 1991 1152 2057 felicit
1138 1998 1187 2059 ter
1208 1999 1256 2057 te·

201 2115 285 2163 men
304 2097 459 2163 evasisset
488 2095 599 2194 (XXX.
623 2094 757 2182 XXXI).
811 2096 954 2198 Atqpe'
945 2116 1015 2181 ipse
1044 2096 1173 2181 quidem
1206 2098 1256 2194 his

65 2262 69 2272 ,
202 2200 360 2284 capitibus
392 2200 561 2267 duodecim
594 2205 819 2266 commemorat
849 2191 1014 2284 auctores,
1043 2219 1124 2284 quos
1147 2190 1256 2269 omnes

202 2322 288 2367 eom
284 2324 357 2370 non
380 2304 483 2389 ipsum
508 2305 703 2390 inspexisse,
734 2303 849 2370 sedin
871 2304 959 2370 fonte
981 2305 1133 2390 primerio
1157 2299 1256 2373 nomi-

199 2410 323 2474 natos
313 2411 489 2496 invenisse,
518 2421 576 2496 per
610 2431 659 2476 se*
679 2416 768 2495 patet
792 2429 895 2494 neque
917 2411 1026 2476 multis
1048 2413 1156 2478 verbis
1177 2414 1255 2480 mihi

199 2501 479 2583 demonstrandum
501 2522 558 2582 est.
603 2515 803 2600 Quamquam
826 2537 902 2580 num
924 2535 964 2581 ex
993 2537 1056 2580 ιιιιο
1081 2516 1169 2583 fonte
1191 2539 1255 2583 om-

198 2623 255 2687 nia
277 2621 421 2688 hauserit
441 2621 475 2685 in
495 2619 598 2686 dubio·
613 2618 859 2704 relinquendum
881 2625 939 2704 est,
961 2626 1069 2686 temen
1081 2622 1256 2687 maximam

199 2731 323 2810 partem
346 2725 488 2791 eiusdem
511 2725 760 2809 auctoris-esse,
793 2730 878 2790 certo
908 2723 1119 2791 demonstrari
1141 2731 1256 2810 potest.

49 2788 66 2878 ἰ
197 2832 374 2915 Numquae
392 2851 460 2916 cap.
472 2831 584 2897 XXVI
602 2835 783 2914 narrantur,
808 2829 1085 2916 ,Themistoclem
1107 2851 1179 2896 eum
1194 2831 1255 2898 Ou-

197 2936 257 3002 mis
272 2957 304 3002 e
318 2956 402 3002 nave
424 2935 637 3018 escendisset,
669 2938 779 3018 Aegas
813 2933 857 3000 ad
878 2935 1075 3018 Nieogenem
1098 2935 1255 3021 hospitem

198 3039 371 3137 aufugisse,
394 3038 468 3104 inde
490 3039 660 3105 veroclam
682 3057 776 3103 curru
798 3037 832 3103 in
853 3038 1058 3123 quopellioes
1080 3038 1122 3104 ad
1144 3059 1255 3124 regem

195 3143 270 3211 vehi
300 3133 440 3211 solerent
468 3143 547 3228 iuga
577 3149 609 3210 et
631 3141 803 3209 securitate
825 3142 856 3207 ei
885 3141 1008 3227 paratis
1038 3142 1120 3208 Susa
1142 3164 1253 3232 perue-

197 3248 316 3334 nissc“,
337 3256 382 3315 et
392 3250 474 3316 inter
494 3269 529 3316 se
551 3255 638 3315 arcte
661 3248 897 3332 cohaerentet
883 3245 955 3311 tad
976 3245 1113 3312 eundem
1135 3247 1254 3314 sontem

198 3298 359 3440 pertinent
386 3375 404 3422 e
435 3375 497 3439 quo
528 3355 637 3441 capito
668 3354 813 3420 XXVIII
840 3359 872 3418 e
859 3353 1007 3418 tXXIX
1035 3352 1151 3420 hausta
1172 3362 1255 3439 sunt,

196 3481 260 3528 non
283 3461 386 3526 solum
403 3461 484 3545 *quia
506 3465 575 3527 tota
590 3455 890 3526 narrationis-ratio
907 3477 1037 3543 prorsus
1060 3458 1174 3524 eadem
1196 3469 1254 3546 est,

197 3563 256 3630 sed
279 3565 377 3630 etiam
400 3566 476 3650 qnia
510 3565 560 3632 his
582 3565 741 3650 capitibus
763 3563 884 3648 apertis
904 3562 1012 3630 verbis
1034 3562 1077 3628 ad
1099 3583 1126 3629 o.
1147 3564 1255 3630 XXVI

195 3676 368 3754 spectatur.
422 3669 542 3737 Confer
572 3689 599 3735 e.
620 3667 786 3752 XXVIII,
817 3687 847 3733 v.
870 3669 890 3732 2
915 3665 959 3752 (p.
981 3667 1061 3753 247)
1083 3667 1255 3732 ἐπεθείασε

194 3777 240 3860 τῷ
277 3774 361 3862 λόγῳ
394 3774 620 3860 προςδιελθών
652 3776 708 3858 τὴν
730 3773 813 3858 ὄψιν
834 3771 873 3856 ἢν
894 3769 979 3836 εἶδον
999 3771 1036 3833 ἐν
1058 3775 1253 3849 Νικογένους

198 3893 227 3944 ιι.
249 3901 276 3946 ι.
300 3879 329 3944 l.
360 3886 443 3947 etc.
463 3881 578 3946 XXIX
601 3879 644 3966 (v.
666 3879 709 3944 25
731 3898 799 3962 seq.
820 3898 851 3963 p.
874 3876 952 3964 247)
975 3873 1036 3960 ἤδη
1053 3879 1114 3958 μὲν
1136 3876 1254 3961 ἔφησεν

196 3983 228 4071 (c‘
252 3983 417 4072 piacularis)
450 3983 713 4071 auspicandum
736 3981 879 4046 τάλαντα
902 3979 1056 4066 apetium,
1078 3985 1253 4062 κομίσαντα

191 4093 255 4175 γὰρ
278 4087 380 4154 αὑτὸν
402 4089 642 4177 ἀπολήψεσθαι
665 4089 797 4163 δικαίως
818 4090 852 4151 ari
865 4087 1082 4169 ἐπικηρυχθὲν
1102 4089 1144 4172 aqi
1169 4084 1253 4166 α’γοι·

191 4193 297 4272 ravan,
329 4214 400 4259 oum
434 4197 481 4262 eis
512 4217 594 4281 quae
620 4215 646 4261 o.
668 4193 779 4260 XXVI
812 4192 855 4279 (v.
872 4193 921 4256 -16
943 4191 1075 4277 pam)
1105 4191 1253 4275 leguntur
1287 4203 1289 4208 “
