2954 4772
703 307 748 374 29

198 476 378 547 invenimus
406 479 548 568 vestigia
574 483 607 547 et
635 477 773 546 certiora
806 477 905 547 etiam
933 474 969 543 in
990 496 1061 564 esp.
1083 475 1119 544 Χ
1145 481 1253 544 οοοιιιὲ

199 589 288 671 runt,
321 585 365 652 ad
387 585 473 671 quod
494 606 579 655 nunc
601 584 832 652 transeundum
853 590 910 650 est.

263 688 368 774 Atque
390 691 575 778 complexus
598 695 647 758 est
668 689 729 756 hoc
745 688 851 774 capite
867 683 1068 771 Plutarchus,
1089 705 1172 770 quae
1187 683 1260 752 fue·

199 794 263 862 rint
284 796 373 864 urhis
395 797 595 864 Athenarum
616 801 761 881 tempora
790 799 822 861 et
843 791 988 860 condicio
1017 797 1190 876 antequam
1212 789 1257 857 oi·

200 919 258 966 ves
291 919 392 967 naves
426 899 706 984 conscendissent,
726 917 823 983 ¹quac
850 897 1006 965 miracula
1036 897 1071 964 in
1102 901 1255 963 terrorem

201 1021 257 1070 eos
285 1005 489 1091 vocaverint,
530 1024 613 1089 quae
652 1002 823 1090 plebiscita
856 1002 912 1069 illc
944 1008 1089 1088 tempore
1121 1000 1257 1068 Athenis

201 1111 321 1196 scripta
350 1110 424 1177 sint
491 1111 582 1191 Quae
613 1129 654 1176 ex
683 1107 805 1195 Ephori
833 1107 925 1174 libris
956 1128 977 1175 a
1007 1107 1179 1174 Plutarcho
1201 1127 1256 1194 pe-

202 1215 261 1281 tita
283 1235 371 1300 esse,
393 1236 458 1282 uon
479 1235 593 1284 vereor
615 1215 742 1300 nequis
763 1218 863 1300 putet,
885 1234 962 1280 nam
983 1212 1069 1298 quod
1090 1212 1135 1301 (v.
1153 1214 1174 1278 2
1190 1232 1257 1298 seq.

201 1340 232 1406 p.
254 1319 333 1407 229)
356 1322 551 1406 ψηφίσματα
573 1341 594 1386 a
615 1318 829 1385 Themistocle
851 1318 1057 1401 etNicagora
1079 1315 1258 1403 scriptaad

201 1426 335 1493 verbum
355 1431 560 1512 enarrantur,
583 1430 641 1492 aut
661 1444 744 1508 quae
765 1421 955 1489 Plutarchus
983 1421 1029 1509 (v.
1049 1423 1091 1488 23
1112 1421 1173 1509 sq.)
1204 1441 1261 1488 ex-

201 1530 290 1598 hibet
313 1531 354 1597 de
375 1531 618 1616 enavigantium
640 1529 823 1616 spectaculo
845 1525 1097 1595 misericordiam
1110 1533 1258 1595 movente

202 1641 234 1702 et
256 1634 296 1701 de
317 1654 399 1702 cane
420 1634 600 1721 Xanthippi
622 1633 732 1718 quiin
755 1652 843 1698 mare
864 1631 1024 1698 insiluerit
1044 1638 1077 1698 et
1090 1632 1181 1698 iuxta
1201 1653 1260 1700 na·

201 1761 275 1808 vem
296 1739 506 1825 navigadtem
526 1759 627 1824 usque
656 1737 700 1805 ad
721 1737 919 1806 Salaminem
945 1737 1084 1805 insulam
1105 1758 1258 1825 pervene-

202 1846 261 1932 rit,
293 1845 337 1912 ad
357 1846 444 1914 illius
466 1845 617 1912 historias
639 1844 751 1911 referri
773 1843 916 1931 proiecto
946 1850 1119 1929 nequeunt
1184 1846 1258 1913 Non

203 1951 308 2038 magis
338 1957 446 2018 autem
474 1951 514 2017 do
536 1950 700 2018 Herodoto
730 1949 867 2034 eogitari
889 1955 1011 2034 potest,
1045 1950 1164 2038 quippe
1194 1953 1259 2040 qui,

203 2077 395 2143 quamquam
429 2064 460 2124 et
491 2058 562 2143 ipse
592 2055 678 2144 (Vll,
708 2055 785 2142 143)
818 2054 1064 2122 Themistoclem
1094 2057 1260 2126 oraculum

202 2165 279 2231 item
301 2172 337 2231 ut
358 2163 547 2232 Plutarchus
568 2163 647 2230 facit
669 2162 897 2248 explicantem,
926 2168 958 2228 et
978 2163 1067 2249 Vlll,
1089 2164 1143 2229 41.
1167 2183 1262 2230 enar·

203 2274 254 2334 rat
261 2319 269 2355 ,
298 2268 511 2336 Athenienses
552 2288 624 2335 curn
645 2287 776 2354 serpens
809 2286 904 2333 sacra
926 2266 1032 2332 cibum
1059 2267 1124 2334 illis
1147 2269 1260 2338 diebus

203 2375 358 2442 intactum
382 2374 562 2460 reliquisset
584 2395 622 2441 eo
640 2372 793 2440 libentius
815 2391 915 2439 naves
939 2372 1163 2440 conscendisse
1185 2375 1261 2460 quia

204 2481 292 2548 Deus
324 2481 393 2567 ipse
432 2500 473 2547 ex
506 2500 581 2548 arce
613 2479 826 2565 demigrasset
855 2477 927 2565 (cir.
953 2476 1036 2544 Plut.
1065 2499 1094 2544 v.
1116 2479 1262 2548 24-30

197 2579 236 2674 p.
259 2586 354 2674 228),
377 2592 485 2653 tamffl
508 2606 591 2671 quae
613 2585 689 2651 inde
711 2606 731 2651 a
754 2585 813 2651 v.2
836 2585 939 2670 pata
960 2583 1120 2671 leguntur,
1143 2586 1262 2671 scripta

205 2713 268 2761 nun
297 2692 423 2759 habeat.
480 2693 598 2758 Rerum
629 2691 816 2776 scriptorem
846 2690 946 2775 igitur
972 2689 1163 2758 Plutarchus
1198 2713 1263 2759 non

205 2796 355 2883 inspexit.
421 2796 515 2875 Quod
547 2796 617 2881 ipse
640 2795 756 2861 deiude
790 2795 993 2862 Aristotelem
1021 2800 1135 2862 testem
1161 2799 1262 2866 norni-

206 2907 279 2986 nat,
302 2900 362 2966 hoc
383 2898 457 2964 ideo
480 2899 583 2964 solum
604 2899 640 2964 fit
663 2905 698 2964 ut
721 2899 790 2965 eius
819 2898 1001 2965 testimonio
1024 2898 1161 2966 Clidemi
1190 2922 1262 2969 sen·

206 3005 308 3072 tentia
335 3003 490 3070 refutetur
515 3004 568 3070 vel
598 3003 633 3069 in
666 3003 798 3070 dubium
827 3010 977 3088 vocetur3
1009 3010 1105 3089 atque
1136 3013 1262 3076 tanturn

207 3110 316 3196 abest,
336 3114 372 3176 ut
392 3108 557 3176 Aristoteli
576 3114 678 3175 totum
701 3116 798 3195 caput
819 3108 975 3194 tribuam,
995 3116 1030 3176 ut
1059 3130 1099 3177 ne
1131 3133 1171 3180 ea
1192 3115 1263 3198 qui·

207 3212 279 3279 dem
302 3233 384 3299 quae
406 3214 449 3280 ab
468 3214 524 3280 illo
547 3233 582 3282 se
605 3215 769 3301 accepisse
790 3215 860 3300 ipsc
878 3214 997 3282 fatetur
1017 3215 1207 3284 Plutarchus
1221 3239 1262 3287 ex

207 3317 379 3384 Aristotele
411 3337 560 3384 manasse
594 3325 717 3405 putem,
757 3319 833 3404 quia
865 3338 980 3405 parum
1012 3320 1185 3388 verisimile
1214 3329 1264 3390 est

205 3422 427 3508 Plutarchum,
461 3423 521 3490 etsi
544 3423 655 3490 merito
677 3424 726 3490 illi
748 3444 902 3490 summam
925 3423 1082 3491 rationem
1105 3425 1263 3510 hahuerit,

208 3529 243 3596 in
265 3534 357 3595 tanta
379 3528 532 3597 librorum
563 3531 632 3598 eius
653 3531 819 3597 avarietate
848 3536 944 3615 atque
973 3531 1067 3616 copia
1096 3533 1140 3599 ad
1167 3556 1265 3607 uuam

208 3635 398 3704 sententiam
421 3636 673 3702 confirmandam
696 3636 865 3704 evolvendi
888 3657 1019 3722 operam
1045 3648 1265 3727 suscepturum

208 3740 315 3808 fuisse.
393 3741 492 3806 Recte
523 3740 623 3825 igitur
652 3743 831 3828 suspicatus
864 3761 934 3808 esse
963 3741 1091 3809 videtur
1120 3745 1265 3836 Wolfius,

208 3845 536 3932 Atthidugraphorum
579 3847 719 3932 aliquem
760 3847 922 3914 Plutarchi
958 3853 1120 3916 auctorem
1158 3852 1265 3942 luisse,

208 3972 400 4038 quamquam
434 3954 641 4043 argumentis·
662 3954 717 4020 ille
740 3953 868 4039 quidem
890 3954 1082 4020 sententiam
1104 3977 1169 4025 non
1190 3980 1264 4028 con-

207 4058 355 4125 firmavit.
399 4057 480 4124 Sunt
504 4065 612 4126 autem
645 4066 854 4145 argumenta,
886 4065 983 4144 atquo
1017 4067 1052 4126 ut
1085 4063 1164 4129 mihi
1196 4065 1264 4150 qui·

210 4165 283 4234 dem
304 4164 432 4231 videtur
460 4164 539 4232 satis
562 4166 693 4251 gravia,
724 4173 759 4230 ιιι
791 4165 850 4231 illa
884 4166 991 4233 omnia
1025 4186 1043 4232 e
1067 4168 1260 4239 Philochoro

211 4269 329 4340 hausta
353 4289 425 4337 esse
458 4268 666 4338 iudicandum
690 4271 740 4338 sit
797 4271 940 4338 Primum
968 4272 1063 4340 enim
1083 4274 1264 4347 inMuelleri
