2954 4772
707 291 751 364 33

199 473 300 537 torem
328 468 515 538 historicum
540 487 687 538 reversus
715 487 786 555 cap.
807 466 1013 536 XH—XVII
1034 485 1179 553 pugnam
1200 485 1259 546 ua·

199 575 306 642 volem
336 574 380 643 ad
410 574 607 643 Salaminem
639 574 778 641 insulam
815 572 1012 642 decertatum
1045 571 1259 657 persequitur.

202 680 293 760 Quae
315 679 487 767 descriptio
518 699 591 748 oum
614 679 787 764 diligenter
808 685 840 745 ct
861 683 1011 746 accurate
1038 676 1187 751 instituta
1209 677 1260 763 sit,

201 786 275 853 ideo
295 785 425 874 plurimi
454 786 548 854 uobis
570 783 773 854 aestimanda
795 791 860 871 est,
891 786 967 869 qula
996 783 1040 850 ad
1062 781 1170 850 fontes
1191 781 1260 850 eius

199 890 443 976 investigandos
476 891 599 957 auxilia
629 895 740 957 nostra
769 894 804 956 ut
833 889 880 954 ita
908 888 1029 974 dicam,
1062 885 1260 954 Herodotum

201 997 394 1083 Diodorum,
425 997 598 1082 Iustinum,
632 997 789 1083 Nepotem
811 995 846 1062 in
873 993 1148 1082 comparationem
1168 1013 1260 1060 revo-

201 1125 274 1172 care
295 1105 380 1172 licet
423 1103 528 1186 Atque
551 1102 672 1170 eisdem
694 1121 800 1189 paene
821 1100 929 1168 verbis
952 1099 1002 1167 usi
1023 1106 1056 1168 et
1076 1098 1258 1168 Herodotus

200 1215 233 1276 et
243 1209 406 1276 Diodorus
427 1213 459 1273 et
468 1206 659 1274 Plutarchus
680 1206 723 1272 ad
737 1226 881 1292 pugnam
903 1205 992 1271 illam
1014 1202 1258 1272 describendam

199 1319 375 1383 transeunt.
420 1313 486 1380 Otr.
518 1313 586 1380 Her
606 1311 702 1398 VIII,
725 1311 782 1378 64:
812 1309 894 1375 οὕτω
917 1310 1005 1374 ἔπεσι
1038 1305 1258 1393 ἀκροβολισά-

200 1441 384 1503 μενοι
413 1417 535 1481 odacri
570 1415 934 1500 παρεσκευάζοντο
967 1412 1018 1489 ὣς
1047 1415 1258 1499 ναυμαχή-

201 1541 355 1612 coms,
378 1529 411 1588 et
431 1521 526 1588 otoo.
550 1522 601 1608 14,
626 1523 662 1587 1:
689 1502 790 1595 ’τέλος
823 1519 859 1584 a
883 1570 891 1586 .
913 1568 922 1586 .
945 1565 954 1583 .
976 1514 1008 1583 u
1027 1521 1089 1601 pa
1105 1516 1259 1604 ‘nuspa

202 1622 557 1710 παρεσκευάζοντο
579 1625 623 1687 col
648 1625 751 1709 πρὸς
772 1623 1036 1707 cedendoque
1064 1624 1135 1686 aul
1155 1624 1258 1704 πρὸς

201 1729 265 1794 τὸν
287 1727 505 1811 κίνδυνον,
529 1735 561 1794 et
582 1728 666 1795 Plut.
689 1749 715 1794 c.
736 1729 815 1814 XII,
839 1729 872 1793 1:
904 1726 955 1790 διὸ
980 1725 1018 1812 dr)
1042 1729 1097 1790 aul
1117 1723 1258 1810 μάλιστα

201 1835 397 1919 concedano
410 1837 450 1928 φῇ
482 1832 591 1924 γνώμῃ
624 1838 679 1897 aul
707 1831 1063 1919 παρεσκευάζοντο
1093 1852 1255 1916 ναυμα-

200 1941 403 2026 χήσοντες.
447 1939 590 2026 Exponit
620 1939 719 2022 igitur
746 1937 937 2005 Plutarchus
966 1957 1037 2024 cap.
1070 1937 1136 2003 XII
1151 1936 1258 2022 Grae·

201 2065 265 2132 cos,
287 2066 358 2112 oum
380 2043 549 2132 pugnandi
572 2044 706 2112 oonsilio
723 2049 818 2129 capto
840 2043 936 2111 litora
957 2042 1101 2110 navibus
1118 2043 1258 2110 hostium

199 2158 286 2219 tecta
308 2158 340 2218 et
350 2153 491 2218 Xerxem
504 2171 576 2217 cum
596 2150 722 2235 ingenti
743 2149 874 2234 agmine
897 2148 1039 2216 adunare
1061 2147 1257 2222 descenden-

199 2263 264 2326 tem
293 2257 467 2344 vidissent‚
499 2257 534 2323 in
564 2277 682 2324 novum
719 2261 873 2323 terrorem
908 2255 1042 2341 illapsos
1070 2253 1185 2322 iterum
1217 2251 1257 2320 de

198 2364 319 2432 Isthmo
361 2363 542 2449 cogitasse3
577 2361 836 2430 Themistoclem·
860 2366 983 2447 autem,
1027 2380 1100 2427 cum
1139 2369 1256 2444 eogno-

199 2467 299 2536 visset
327 2487 383 2535 eos
410 2468 446 2534 id
477 2487 589 2553 agere,
619 2472 654 2533 ut
675 2466 797 2534 auxilio
820 2463 907 2550 quod
934 2464 1119 2550 provenitet
1153 2463 1256 2530 elooi

199 2574 436 2660 opportunitate
458 2580 491 2639 et
512 2573 672 2658 angustiis
706 2573 853 2657 neglecto
879 2571 913 2636 in
936 2591 1028 2637 suam
1050 2569 1184 2654 quisque
1206 2590 1256 2637 ur-

198 2679 272 2746 bem
294 2676 528 2763 dilaberentur,
555 2698 613 2764 pe1·
642 2698 770 2744 servum
801 2675 929 2744 fidelem
950 2676 1121 2742 Persarum
1147 2695 1256 2760 regem

198 2783 293 2851 huius
314 2785 362 2850 rei
383 2784 547 2852 certiorem
572 2783 697 2868 fecisse,
720 2803 758 2849 eo
782 2783 915 2850 consilio
946 2787 982 2847 ut
1003 2781 1120 2848 Graeci
1141 2780 1256 2848 Persa·

198 2905 268 2954 rum
289 2889 428 2955 navibus
450 2888 590 2972 undique
613 2888 831 2955 circumcincti
861 2886 906 2953 ad
925 2907 1070 2974 pugnam
1092 2885 1256 2954 decertan-

199 2990 275 3058 dam
309 2999 506 3077 cogerentur.
550 2994 655 3079 Atque
689 2993 850 3060 Diodorus
886 2991 1030 3077 quidem,
1063 3011 1255 3077 quamquam

198 3097 307 3185 paullo
330 3097 459 3165 brevior
482 3104 539 3184 est7
563 3119 633 3164 eum
655 3098 826 3165 Plutarcho
848 3117 977 3184 prorsus
1001 3097 1179 3184 conspirat,
1200 3117 1254 3164 nc·

198 3224 260 3289 que
282 3205 386 3271 minus
398 3203 578 3270 Herodotus
599 3224 753 3288 magnam
765 3204 800 3270 in
822 3203 1006 3269 universum
1028 3222 1099 3268 oum
1121 3208 1255 3286 utroque

196 3329 332 3396 praese
361 3309 424 3378 sert
451 3310 709 3396 similitudinem,
747 3315 891 3376 neutrum
913 3315 1022 3374 tamen
1044 3328 1084 3374 ex
1107 3309 1167 3376 hoo
1196 3307 1255 3376 sed

197 3421 365 3501 utrumque
388 3437 429 3482 ex
451 3415 581 3502 Ephoro
603 3416 806 3482 hausissent
837 3423 994 3503 putemus,
1024 3415 1104 3481 satis
1134 3415 1253 3482 multae

197 3541 267 3588 esse
289 3521 439 3589 videntur
467 3540 595 3589 causae.
638 3521 722 3588 Nam
741 3541 824 3605 quae
847 3519 890 3587 de·
908 3519 1030 3588 Isthmo
1054 3539 1075 3585 a
1096 3519 1253 3606 Pelopon·

196 3619 297 3695 nesiis
318 3627 439 3696 munito
462 3626 623 3695 Diodorus
655 3628 713 3714 15,
736 3629 757 3694 3
787 3627 915 3714 scripsit
944 3647 985 3693 ex
1006 3625 1169 3693 Herodoto
1200 3625 1254 3692 de·

197 3739 324 3820 sumpta
346 3753 416 3800 esse
440 3755 504 3802 nou
525 3752 637 3820 posse,
661 3753 759 3819 supra
775 3731 845 3818 Jam
866 3730 1023 3816 vidimus3
1052 3739 1155 3817 neque
1176 3729 1253 3800 inde

196 3838 369 3924 quidquam
407 3840 514 3924 colligi
552 3844 659 3925 potest
695 3836 781 3923 quod
816 3837 1007 3904 Plutarchus
1038 3857 1063 3904 o.
1085 3836 1152 3903 XII
1181 3857 1253 3903 cum

195 3944 357 4012 Herodoto
381 3946 584 4013 consentiens
605 3945 717 4030 affert,
740 3942 907 4024 Sicinnum
928 3941 1154 4009 Themistoclis
1175 3941 1253 4008 libe·

194 4069 301 4117 rorum
321 4051 510 4136 magistrum
532 4051 576 4117 ad
586 4052 730 4116 Xerxem
751 4049 883 4118 missum
907 4067 992 4133 esse,
1014 4046 1175 4115 Diodorus
1197 4068 1252 4116 au·

195 4162 259 4223 tem
284 4158 386 4224 solum
409 4158 500 4224 dicit:
524 4157 630 4222 ἔπεισέ
640 4178 711 4220 τινα
721 4156 801 4239 πρὸς
823 4157 878 4219 τὸν
888 4155 1013 4239 Ξέρξην
1033 4151 1252 4239 αὐτομολῆσαι

194 4269 307 4350 postea
328 4281 406 4332 vero
430 4264 513 4353 (cap.
535 4264 627 4352 XVI)
650 4260 860 4348 Plutarchus,
881 4280 954 4326 cum
977 4258 1094 4326 iterum
1122 4260 1252 4329 nuntius
