2954 4772
708 267 752 338 14

205 439 250 506 dl
271 439 442 507 πάντων
463 440 497 508 at
519 438 699 508 καταλῦσαι
715 441 816 512 aad.
869 442 1027 513 Videntur
1046 449 1155 514 autem
1176 445 1261 518 haee

204 547 312 616 omnia
334 553 420 615 certo
442 547 576 618 oonsilio
598 549 775 636 composita
798 571 868 620 esse
890 573 912 619 a
932 551 1097 619 Plutarchi
1118 561 1259 644 auctore,

206 653 270 741 qui,
292 674 363 721 cum
385 653 541 721 benevole
563 652 604 720 de
617 653 831 723 Themistocle
852 656 1021 744 iudicaret,
1045 677 1120 726 eum
1140 659 1264 746 optime

205 760 247 828 de
267 765 336 828 tota
358 759 496 827 Graecia
525 760 679 830 meruisse
711 761 930 831 demonstrare
960 763 1106 831 voluerit
1161 764 1261 833 (iuius

205 886 322 935 nomen
343 865 373 932 si
394 864 592 952 quaerimus,
623 865 668 933 ad
701 866 782 936 duas
813 889 866 937 res
893 869 1033 937 maxime
1055 869 1181 937 animus
1203 869 1260 938 ad·

205 971 378 1041 vertendus
399 977 457 1038 est
499 971 640 1038 Primum
663 972 748 1039 enim
770 980 856 1041 certo
879 995 964 1042 auno
984 995 1035 1042 res
1048 974 1126 1042 illae
1140 965 1162 1043 a
1177 976 1263 1044 The-1

204 1078 486 1162 mistoclegestae
518 1078 715 1167 tribuuntur,
749 1077 824 1168 (ἤδη
853 1079 889 1144 δὲ
921 1083 977 1145 τοῦ
1007 1079 1131 1166 Μήδου
1160 1104 1261 1148 κοτα-

204 1187 372 1270 βολνοντος
399 1182 454 1248 ἐπὶ
482 1183 536 1267 τὴν
554 1180 697 1248 Ἑλλάδα
719 1208 782 1252 aa.
795 1184 837 1273 λ.)
872 1185 958 1272 quod
987 1207 1059 1253 eum
1089 1187 1124 1254 in
1146 1190 1261 1257 ceteris

205 1288 361 1359 eiusmodi
394 1288 643 1356 narratiunculis
677 1290 745 1357 fieri
779 1311 843 1358 non
876 1292 993 1378 soleat,
1036 1292 1098 1359 hae
1131 1293 1261 1379 quidem

203 1393 334 1462 fluxisse
346 1391 546 1459 videnturex
561 1394 714 1480 scriptore
736 1394 791 1479 qui
812 1395 978 1461 annalium
989 1394 1188 1464 rituservata
1204 1418 1260 1464 an-

204 1521 318 1568 norum
332 1498 415 1566 serie
426 1519 477 1566 res
489 1499 710 1586 composuerit.
754 1499 879 1567 Deinde
894 1523 970 1569 vero
989 1507 1151 1570 auctorem
1171 1503 1261 1569 illum

204 1603 369 1673 Plutarchi
398 1603 517 1670 diutius
558 1604 592 1670 in
624 1604 702 1672 urbe
734 1605 933 1672 Athenarum
966 1613 1128 1674 versatum
1161 1606 1261 1674 fuisse

205 1710 479 1794 monumentisque
503 1715 535 1777 et
556 1709 820 1798 inscriptionibus
842 1732 973 1799 operam
995 1712 1123 1779 dedisse
1145 1712 1190 1779 ad
1210 1735 1262 1781 res

205 1838 281 1888 suas
302 1815 474 1883 memoriae
496 1814 680 1902 tradendas,
702 1822 858 1903 procerte
873 1817 1058 1884 habendum
1079 1823 1136 1883 est.
1178 1818 1262 1884 Nam

206 1940 289 2008 quae
323 1920 363 1986 de
395 1919 540 1986 Arthmio
570 1919 693 1989 Zeleita
727 1920 902 2008 produntur
930 1922 974 1989 ad
1004 1922 1136 1989 verbum
1157 1943 1263 2008 paene

206 2026 369 2112 exscripta
390 2044 461 2091 esse
484 2045 525 2091 ex
548 2024 697 2091 columna
720 2045 841 2111 aenea,
875 2046 971 2111 qnam
992 2025 1206 2093 Athenienses
1226 2024 1262 2095 in

204 2132 298 2199 huius
320 2131 369 2198 rei
388 2129 574 2197 memoriam
595 2130 630 2196 in
652 2150 727 2197 arce
748 2131 934 2218 statuerint,
957 2130 1182 2216 gravissimum
1205 2131 1263 2198 ha-

190 2237 316 2317 «bemus
355 2241 468 2302 testem
501 2233 750 2304 Demosthenem
787 2235 821 2301 in
855 2235 1026 2322 Philippic.
1054 2235 1114 2321 Ill,
1142 2256 1173 2321 p.
1198 2237 1258 2302 121

204 2343 251 2412 ira
273 2342 450 2409 dicentem:
472 2338 621 2428 δηλώσω,
656 2337 695 2406 orl
723 2339 838 2421 λόγους
858 2340 998 2424 ε’μονοοῦ
1021 2340 1138 2428 λέγων,
1173 2338 1260 2406 α’λλολ

203 2446 377 2533 γράμματα
397 2451 461 2512 ooiv
482 2444 654 2533 προγόνων
674 2449 738 2511 τῶν
759 2443 937 2534 ὑμετέρων,
972 2446 994 2510 οἳ
1024 2447 1142 2511 ἐκεῖνοι
1169 2447 1262 2511 κοτέ-

205 2553 302 2616 θονοο
324 2552 370 2628 eir
392 2549 506 2638 στήλην
527 2549 651 2636 χαλκῆν
673 2548 861 2637 γράψαντες
893 2550 940 2626 οῖς
970 2547 1151 2636 ἀκρόπολιν
1163 2595 1262 2616 .....

204 2666 234 2722 τί
254 2653 313 2720 οὖν
344 2654 428 2735 λέγει
461 2655 499 2718 τοὶ
528 2653 720 2741 recimerem,-
737 2653 914 2740 Ἄρθμιος,
947 2657 1059 2742 φησίν,
1095 2651 1264 2720 ellare-

207 2783 321 2837 νακτος
343 2757 360 2824 ri
384 2758 530 2845 Ζελείτης
552 2760 665 2844 ἄτομος
687 2760 765 2824 ἔστω
788 2763 843 2824 καὶ
865 2759 1016 2844 πολέμιος
1036 2762 1093 2824 τοῦ
1105 2758 1262 2848 δήμου...

206 2865 300 2943 αὐτὸς
323 2869 378 2929 καὶ
399 2866 490 2945 γένος
499 2911 590 2931 .....
601 2863 648 2930 ὅτι
670 2868 726 2932 τὸν
747 2866 865 2951 χρυσὸν
885 2864 921 2929 ἐκ
944 2863 1075 2950 Μήδων
1096 2863 1142 2941 εἰς
1157 2862 1263 2928 Πελο-

204 2978 369 3060 πόννησον
401 2971 534 3058 ἤγαγεν,
567 2969 616 3060 (in
647 2971 791 3040 oratione
825 2970 866 3038 de
899 2969 985 3039 falsa
1018 2970 1182 3056 legatione
1204 2969 1262 3036 ha·

204 3080 274 3147 bita
295 3101 327 3166 p.
348 3078 413 3144 428
436 3077 530 3145 dicit:
553 3077 599 3156 εἷς
619 3076 692 3155 τούς
719 3073 875 3164 Ἕλληνας
903 3075 1034 3165 ἤγαγεν)
1058 3083 1155 3163 atque
1177 3074 1263 3144 idem

204 3192 339 3255 testatur
360 3185 536 3252 Aeschines
559 3205 585 3251 c.
607 3184 749 3272 (ltesiph.
771 3206 802 3271 p.
825 3183 899 3252 674.
921 3220 964 3233 -
1007 3181 1125 3249 Rerum
1156 3189 1264 3250 autem

204 3294 391 3380 scriptorem
421 3289 586 3358 Plutarchi
618 3297 780 3358 auctorem
814 3289 914 3356 fuisse
958 3289 1094 3374 cogitari
1131 3290 1262 3374 nequit;

204 3421 280 3469 nam
307 3420 390 3485 quae
420 3397 607 3484 delegatis
637 3417 756 3482 aroge
788 3397 958 3465 Persarum
991 3393 1097 3461 missis
1131 3394 1263 3461 exhibet

204 3506 408 3574 Herodoteae
430 3509 463 3570 et
491 3504 578 3570 omni
606 3521 689 3588 quae
718 3502 759 3570 de
793 3502 855 3570 hae
884 3521 919 3568 re
950 3500 1043 3573 nobis
1073 3499 1194 3566 tradita
1216 3505 1266 3566 est

204 3609 383 3680 manationi
403 3629 532 3698 prorsus
553 3614 744 3696 repugnant.
799 3609 833 3676 Is
853 3608 937 3676 enim
960 3604 1100 3695 (liter)
1122 3605 1265 3673 Xerxem

206 3738 278 3787 oum
306 3718 425 3786 Sardes
457 3715 599 3783 venisset
628 3735 805 3803 praecones
836 3714 891 3800 qui
920 3718 1066 3801 peterent
1094 3732 1212 3796 aquam
1234 3718 1266 3780 et

204 3831 323 3891 terram
343 3823 378 3889 in
401 3841 512 3889 omnes
534 3819 692 3887 Graeciae
715 3819 879 3905 civitates,
910 3823 1038 3905 praeter
1059 3815 1204 3884 Athenas
1234 3821 1266 3884 et

204 3932 371 4017 Spartam,
400 3924 526 3995 misisse
547 3924 664 4012 tradit,
699 3931 731 3992 et
759 3945 830 4013 cap.
852 3923 915 3991 132
953 3930 1125 4012 postquam
1146 3922 1268 3989 rettulit

208 4034 284 4121 quid
313 4032 526 4122 profecissent
555 4027 719 4096 mandatis
752 4048 929 4117 praecones
965 4028 1031 4115 illi,
1065 4027 1181 4094 iterum
1209 4044 1267 4111 pro

208 4147 294 4209 certo
317 4140 473 4227 alfirmat,
505 4158 616 4223 regem
645 4134 791 4204 Athenas
820 4141 853 4203 et
874 4135 1026 4222 Spartam
1055 4131 1268 4199 conmisisse

207 4247 352 4335 legatos,
386 4243 473 4331 quod
506 4242 601 4312 Darii
632 4240 751 4328 legatia
782 4240 831 4308 illi
852 4240 919 4309 uim
949 4245 982 4308 et
1009 4256 1124 4305 manus
1144 4234 1270 4303 intulis·
