2954 4772
672 353 775 436 ''1'1

92 619 96 624 Ι
226 533 266 624 (e.
275 537 329 624 IV,
338 559 368 605 v.
381 538 411 624 6,
422 559 453 626 p.
464 535 560 629 223):
583 537 629 604 du
652 537 689 603 di
709 538 726 622 ἦ
749 542 818 606 adra
842 539 980 626 coapta
1001 545 1063 616 ιυῐς
1080 533 1225 625 Ἕλλησιν
1241 529 1279 603 'iat

226 647 279 729 τῆς
310 643 473 731 θαλάττης
510 644 632 733 ὑπῆρξε
666 651 719 712 καὶ
752 647 808 734 τὴν
833 645 1022 733 Ἀθηναίων
1056 643 1156 711 πόλιν
1179 640 1281 721 αὖθις

227 745 404 836 dvquoov
432 746 467 814 ci
496 750 630 837 τριήρεις
657 751 794 837 ἐκεῖναι,
816 753 855 817 τὰ
883 749 907 818 ι’
928 748 1014 816 ἄλλα
1036 751 1158 836 Ξέρξης
1186 748 1281 826 αὐτὸς

227 853 448 940 ἐμαρτύρησεν.
502 859 614 942 Neque
643 858 724 924 illud
757 858 894 944 denique
926 857 1020 944 parvi
1049 857 1203 924 momenti
1223 862 1282 943 est,

227 961 312 1046 quud
341 961 532 1030 Plutarchus
567 963 618 1030 his
652 985 733 1048 quae
772 964 811 1031 de
850 964 953 1030 alasse
982 962 1155 1030 aedificata
1176 960 1283 1030 attulit

227 1066 372 1152 proxime
405 1066 511 1156 addit,
545 1068 688 1135 Xerxem
721 1089 832 1155 pugna
860 1068 976 1146 navali
1008 1068 1050 1135 ad
1084 1067 1282 1136 Salaminem

227 1171 315 1238 sacta
337 1190 408 1239 esse
430 1173 567 1258 victum,
598 1194 792 1258 quamquam
825 1175 861 1240 in
891 1175 996 1262 capite
1018 1173 1081 1241 VII
1102 1174 1217 1241 iterum
1238 1172 1281 1239 ab

227 1276 368 1344 adventu
389 1278 559 1346 Persarum
581 1300 672 1348 orsus
694 1300 746 1348 res
769 1280 983 1348 Themistocle
1006 1278 1087 1347 duee
1109 1301 1130 1346 a
1148 1278 1281 1347 Graecis

228 1389 337 1468 gestas
360 1389 498 1451 enarrat.
542 1384 633 1450 Idem
655 1386 741 1452 enim
764 1384 804 1453 de
826 1385 941 1452 Iustini
963 1395 996 1452 et
1017 1385 1150 1472 Nepotis
1172 1405 1282 1452 narra·

227 1489 367 1556 tionibus
389 1490 493 1575 valet,
516 1511 650 1574 quorum
671 1491 724 1558 hie
742 1491 777 1556 in
798 1491 869 1578 ipso
891 1491 1041 1577 capiteII
1063 1490 1164 1577 addit,
1185 1491 1284 1558 Athe·

228 1595 356 1662 nienses
374 1595 485 1662 urbem
506 1595 674 1680 reliquisse
696 1602 732 1662 ut
752 1598 851 1664 muris
872 1596 990 1682 ligneis
1011 1617 1046 1665 se
1066 1595 1283 1683 defenderent,

228 1707 260 1766 et
281 1721 352 1787 cap.
372 1700 431 1766 III.
454 1700 582 1768 demum
613 1700 738 1786 proelia
768 1699 812 1766 ad
833 1701 1067 1788 Thermopylas
1095 1708 1127 1769 et
1149 1700 1284 1769 Artemi·

228 1806 311 1872 sium
343 1806 513 1874 commissa
547 1807 697 1892 exponit3
732 1807 813 1874 alter
845 1808 1062 1895 verolI,12,
1089 1807 1128 1874 16
1162 1807 1283 1875 eisdem

154 1927 156 1931 ’
227 1930 331 1998 paene
363 1931 402 1976 ac
431 1912 540 1997 Nepos
579 1931 655 1979 usus
677 1912 784 1979 verbis
806 1912 1000 1998 expositioni
1029 1911 1221 1998 quemfecit
1243 1913 1284 1978 de

228 2017 332 2085 classe
354 2015 527 2084 aedificata
549 2017 657 2084 statim
687 2018 817 2085 subiicit
837 2018 1050 2086 Athenienses
1083 2025 1223 2085 armatos
1249 2017 1284 2084 in

227 2141 328 2189 naves
351 2122 589 2208 conscendisse,
619 2143 746 2209 pugnas
777 2126 885 2189 autem
905 2122 980 2190 illas
1003 2129 1174 2205 antequem
1203 2122 1284 2189 clas-

228 2248 296 2295 sem
317 2228 520 2296 aedificatam
550 2247 621 2296 esse
643 2229 743 2314 dixit,
766 2227 919 2295 describit
936 2227 975 2316 (I,
999 2230 1049 2315 10,
1074 2228 1115 2293 13
1136 2225 1216 2314 seq.)
1240 2265 1282 2278 -

227 2336 342 2422 Itaque
373 2335 452 2402 mihi
484 2354 592 2402 errare
622 2355 688 2401 non
717 2334 829 2402 videor
859 2335 887 2402 si
920 2340 953 2401 et
973 2335 1146 2402 Plutarcho
1168 2341 1201 2402 et
1221 2335 1284 2402 Ne·

227 2444 295 2530 poti
315 2448 356 2510 et
386 2441 510 2508 Iustino
542 2459 741 2508 communem
782 2439 883 2506 fuisse
916 2439 1036 2508 sontem
1064 2445 1187 2526 statuo,
1228 2441 1285 2525 qui

228 2550 323 2617 rebus
345 2546 389 2615 ad
410 2546 644 2633 Thermopylas
667 2552 700 2614 et
710 2545 915 2613 Artemisium
937 2545 1037 2630 gestis
1054 2546 1285 2634 silentioprae·

228 2653 400 2738 termissis,
444 2652 623 2720 narrationi
661 2652 775 2719 classis
814 2650 1004 2718 aedificatae
1040 2650 1286 2739 descriptionem

228 2779 358 2847 pugnae
380 2758 579 2826 Salaminiae
601 2756 747 2844 proxime
777 2755 987 2822 subiuuxerit.
1043 2757 1178 2844 Nepotis
1200 2757 1286 2824 enim

228 2866 345 2951 rerba,
366 2870 403 2931 ut
423 2864 484 2930 hoo
506 2862 643 2947 addam,
671 2861 787 2946 quibus
809 2861 940 2927 ineunte
962 2862 1067 2948 capite
1089 2862 1139 2929 ΠΙ
1171 2863 1287 2930 transit

229 2971 273 3040 ad
296 2976 458 3038 certamen
479 2965 753 3053 Thermopylense
787 2964 996 3036 narrandum:
1029 2967 1152 3054 „Huius
1184 2967 1288 3035 consi-

229 3077 309 3143 lium
328 3073 489 3162 plerisque
512 3070 697 3140 civitatibus
719 3069 912 3156 displicebat
933 3078 965 3138 et
982 3071 1017 3140 in
1037 3078 1123 3140 terra
1142 3074 1288 3142 dimicari

229 3182 334 3267 magis
357 3179 517 3269 placebat
560 3178 674 3262 Itaque
696 3175 882 3242 missisunt
904 3176 1020 3245 delecti
1047 3198 1118 3244 cum
1139 3180 1286 3249 Leonida

229 3285 315 3372 seq.“
337 3292 404 3351 tam
425 3283 508 3350 falso
531 3289 564 3350 et
583 3300 734 3369 perverse
757 3278 955 3367 dictasunt,
977 3287 1012 3348 ut
1032 3282 1130 3368 plane
1152 3284 1286 3371 eluceat,

228 3393 263 3458 in
285 3411 349 3457 nno
372 3389 461 3460 fonte
484 3408 556 3454 eum
577 3407 644 3455 rem
666 3386 713 3454 ita
735 3385 927 3472 descriptam
949 3406 1014 3452 non
1035 3386 1206 3475 iuvenisse,
1227 3388 1285 3456 sed

230 3498 363 3564 duorum
385 3494 587 3563 narrationes
609 3492 811 3578 negligenter
833 3497 865 3559 et
886 3490 994 3578 inepte
1017 3491 1176 3578 capitibus
1198 3494 1286 3562 luet

228 3603 279 3670 III
302 3600 467 3669 consuisse
483 3600 518 3687 ¹).
1026 3607 1032 3616 '
1167 3609 1169 3614 '
1211 3611 1214 3616 '

294 3708 331 3776 Si
352 3727 428 3774 vero
462 3705 657 3791 quaerimus,
692 3703 823 3788 quinam
853 3702 949 3770 fuerit
978 3707 1087 3770 auctor
1116 3701 1170 3768 ille
1202 3723 1285 3771 oom-

229 3811 352 3896 munis,
388 3809 466 3876 mihi
489 3809 617 3895 quidem
640 3807 773 3875 dubium
794 3827 864 3875 esse
887 3828 952 3874 non
975 3806 1116 3893 videtur,
1152 3826 1223 3874 cum
1246 3808 1286 3875 de

221 3915 391 3982 *Herodoto
415 3921 471 3980 aut
499 3912 689 4000 Thucydide
720 3913 857 3998 cogitari
889 3917 1046 3998 nequeat,
1079 3931 1182 3996 neque
1216 3932 1287 3980 oum

229 4021 350 4090 maiore
370 4020 439 4087 veri
461 4021 569 4107 specie
600 4018 641 4085 de
662 4019 810 4106 Ephoro,
840 4023 876 4085 ut
908 4037 1003 4101 quem
1031 4016 1221 4085 Plutarchus
1253 4017 1288 4083 in

230 4168 347 4180 .—

305 4254 331 4328 1)
349 4252 469 4326 Singula
488 4271 552 4310 cnm
570 4251 782 4312 accuratissima
800 4268 818 4307 a
836 4249 1098 4322 Nippper'dcyo
1115 4250 1147 4307 in
1163 4252 1209 4308 ed.
1221 4251 1288 4309 mai.

225 4364 254 4420 p·
273 4344 308 4408 21
327 4345 547 4403 commemorata
564 4341 701 4412 sint,.hio
723 4341 852 4411 repetere
871 4354 1112 4412 supervacaneum
1129 4340 1181 4397 est.
