2954 4772
719 309 764 381 45

210 485 280 554 iure
309 485 427 570 aliquis
455 484 532 552 inde
561 483 754 551 concludere
786 487 911 571 posset,
941 471 1084 568 Trogum
1114 471 1270 554 Herodoti

213 591 354 677 vestigia
375 590 547 678 pressisse,
581 590 636 674 qui
668 589 758 676 VIII,
783 591 824 657 88
863 589 1005 656 Xerxem
1038 590 1272 658 exclamantem

215 697 307 764 facit:
339 694 371 760 oi
401 681 462 780 010
491 695 608 778 ἄνδρες
637 695 801 774 γεγόνασίΙ
819 717 874 778 μοι
896 704 1059 782 reverere,
1092 693 1128 760 ui
1150 694 1186 760 di
1215 717 1273 778 γυ-

216 797 323 880 varai
352 801 479 885 ἄνδρες.
527 800 592 869 Sed
622 822 705 887 quae
733 803 877 890 proxime
909 808 1084 886 sequuntur
1112 803 1200 889 apnd
1221 804 1273 870 Iu·

217 910 335 982 stinum
368 907 435 996 (12,
456 908 531 994 25),
567 909 665 975 Iones
695 907 730 975 in
758 909 880 996 proelio
913 907 1069 976 defecisse
1101 927 1273 996 eorumque

218 1014 397 1082 detectione
412 1015 459 1081 ita
471 1013 596 1082 animos
608 1019 785 1084 ceterorum
797 1014 917 1082 fractos
931 1033 1011 1100 esse,
1033 1021 1068 1081 ut
1080 1034 1120 1081 ea
1133 1016 1272 1086 maxime

218 1120 258 1188 de
280 1140 380 1188 00000
402 1120 537 1186 victoria
560 1119 728 1187 aGraecis
751 1126 835 1187 esset
856 1125 1028 1207 reportata,
1051 1121 1093 1188 ab
1111 1121 1274 1192 Herodoto

218 1228 328 1295 011000
350 1232 441 1312 0001,
464 1224 583 1312 quippe
606 1224 660 1310 qui
683 1226 785 1314 (VIII,
809 1225 865 1312 90)
890 1227 986 1294 Iones
1008 1227 1068 1294 sub
1098 1226 1179 1314 ipsis
1201 1249 1274 1295 ocu·

216 1334 257 1402 lis
279 1333 398 1400 Xerxis
420 1331 594 1399 fortissime
615 1352 778 1418 pugnasse
807 1330 898 1398 testis
919 1331 970 1399 sit.
1024 1333 1135 1417 Neque
1168 1336 1274 1420 magis

218 1440 300 1507 haec
327 1437 459 1505 fluxisse
481 1442 616 1524 possunt
646 1458 665 1504 0
691 1435 826 1504 Diodori
859 1436 961 1523 fonte,
995 1439 1198 1525 utquicap.
1223 1442 1274 1529 19,

217 1545 248 1612 4.
309 1545 485 1610 Phoenices
517 1564 582 1610 non
619 1543 715 1610 Iones
745 1543 933 1629 primariam
969 1544 1139 1610 Persarum
1171 1545 1274 1613 cladis

218 1669 350 1716 causam
371 1648 488 1733 fuisse,
520 1646 680 1714 exhibeat.
754 1647 793 1713 In
825 1667 895 1733 cap.
917 1647 1009 1714 XIII.
1029 1648 1145 1714 Iustini
1165 1669 1274 1716 rursus

217 1757 319 1825 oratio
342 1775 440 1839 quam
460 1751 664 1820 Mardonium
686 1751 785 1819 Xerxi
817 1751 990 1819 habentem
1012 1752 1092 1819 facit
1121 1775 1192 1821 cum
1210 1756 1274 1822 He-

218 1862 351 1930 rodotea
374 1859 477 1948 (VIII,
501 1859 578 1948 100)
601 1879 732 1946 prorsus
754 1859 918 1944 congruit,
949 1857 1007 1926 sed
1029 1880 1112 1944 quae
1137 1880 1274 1946 sequun-

218 1975 286 2054 tur,
309 1968 376 2054 (13,
399 1965 434 2054 5)
457 1964 615 2050 quomodo
638 1964 758 2031 factum
779 1965 838 2050 sit,
870 1970 906 2030 ut
934 1965 1060 2032 Xerxes
1095 1965 1169 2034 dolo
1191 1967 1274 2034 The-

220 2071 373 2138 1010100110
395 2075 570 2136 commotus
605 2089 702 2154 quam
734 2069 897 2136 celerrime
919 2069 1163 2157 Hellespontum
1194 2073 1275 2158 0011-

220 2177 317 2261 verit,
347 2195 449 2269 neque
479 2197 520 2243 ex
542 2174 705 2242 Herodoto
739 2195 843 2259 ncque
873 2197 914 2242 cx
945 2176 1075 2262 Ephoro
1105 2162 1273 2265 desumpta

225 2301 294 2350 esse
316 2286 456 2368 possunt.
500 2281 654 2366 Legimus
677 2281 762 2348 enim
785 2281 925 2348 Graecos
948 2282 1059 2349 audita
1086 2284 1172 2369 regis
1194 2285 1274 2371 iuga

220 2387 387 2455 consilium
425 2387 548 2472 cepisse
579 2394 708 2474 pontem
743 2387 986 2474 interrumpere,
1028 2389 1275 2457 Themistoclem

219 2512 296 2560 vero
333 2491 496 2558 timentem
513 2529 514 2532 =
530 2511 571 2557 ne
601 2491 766 2562 interclusi
799 2492 907 2559 hostes
949 2491 1206 2579 desperationem
1240 2497 1275 2562 in

219 2596 368 2663 virtutem
389 2600 566 2680 verterent,
589 2615 660 2661 cum
682 2595 755 2662 illos
778 2596 912 2663 oonsilio
936 2596 1064 2664 vincere
1098 2619 1163 2665 non
1184 2606 1276 2685 potu-

218 2702 313 2789 isset,
347 2701 488 2798 Xerxem
511 2701 622 2768 nuntio
644 2701 741 2768 misso
771 2708 806 2768 ut
829 2701 1023 2770 Graecorum
1046 2704 1181 2771 consilia
1195 2706 1275 2791 iuga

219 2813 437 2896 praeverteret
475 2807 694 2874 commovisse.
762 2807 875 2887 Quid?
917 2809 1002 2893 quod
1035 2810 1177 2877 Iustinus
1205 2795 1276 2879 rhe-

83 2925 85 2928 ’
218 2913 319 2979 torico
341 2909 481 3000 quodam
496 2911 581 2976 elatu
603 2911 774 2978 Persarum
796 2912 1010 2998 expeditionis
1031 2915 1152 2981 exitum
1172 2921 1204 2981 ct
1224 2935 1277 2982 00-

219 3017 397 3083 lamitatem
418 3022 605 3101 prosecutus
628 3017 679 3101 13,
707 3018 749 3082 10
770 3018 913 3104 scripsit,
946 3018 1119 3087 tradidisse
1133 3022 1276 3089 Xerxem

221 3121 355 3189 ducibus
377 3121 494 3187 milites
516 3121 746 3208 perducendos,
768 3123 874 3209 ipsum
896 3144 968 3190 oum
989 3126 1102 3210 paucis
1124 3127 1276 3212 Abydum

222 3224 441 3311 contendisse,
464 3224 549 3291 unde
571 3246 642 3292 curn
664 3246 745 3313 pons
772 3229 1015 3314 tempestatibus
1044 3237 1129 3296 esset
1155 3232 1277 3301 solutus

214 3331 343 3418 scapha
364 3330 536 3417 piscatoria
567 3331 763 3418 traiecisset,
799 3353 871 3399 cum
904 3333 1066 3402 Herodoto
1094 3335 1188 3423 facit,
1223 3339 1277 3423 qui

223 3436 293 3526 (cfr.
315 3436 404 3520 VIII,
429 3432 509 3501 118:
543 3434 606 3499 ἔστι
640 3435 676 3499 δὲ
699 3441 753 3500 καὶ
776 3437 876 3514 ἄλλος
897 3437 952 3502 ὅδε
983 3439 1077 3520 λόγος
1108 3441 1278 3525 λεγόμενος

222 3539 334 3629 mci.)
350 3540 448 3606 simili
468 3540 593 3607 ratione
606 3542 725 3608 Xerxis
744 3537 940 3629 postremam
962 3553 1079 3612 sortem
1102 3548 1280 3634 descripsit.

220 3647 436 3715 Nihilominus
470 3646 527 3712 illa
562 3666 603 3714 ex
635 3648 798 3728 Herodoto
830 3650 901 3736 ipso
927 3671 947 3716 a
972 3653 1080 3736 Trogo
1109 3653 1279 3740 desumpta

222 3774 379 3821 essenon
401 3759 496 3839 001ος
529 3753 667 3840 primum
698 3755 785 3839 quod
807 3755 988 3823 Herodotus
1015 3758 1100 3824 hanc
1121 3761 1277 3827 narratio-

220 3881 295 3927 nem
317 3859 459 3926 secundo
482 3860 551 3927 loco
573 3861 680 3947 ponit,
703 3868 735 3927 et
757 3882 784 3926 e.
808 3862 871 3928 119
894 3861 986 3929 addit
1008 3884 1081 3930 cam
1102 3866 1191 3931 nulla
1213 3867 1277 3933 fide

221 3965 353 4050 dignam
375 3985 463 4052 esse,
486 3965 603 4032 deinde
626 3965 710 4050 quod
733 3966 849 4032 Iustini
862 3967 958 4053 illud,
979 3969 1122 4054 Xerxem
1145 3977 1277 4057 0000010

220 4071 444 4138 Themistoclis
466 4071 578 4137 nuntio
600 4072 687 4138 illico
698 4073 816 4140 milites
840 4072 974 4140 ducibus
989 4074 1170 4163 tradidisse,
1191 4061 1279 4163 apud

221 4175 419 4244 Herodotum
459 4197 524 4244 non
557 4177 691 4265 legitur,
737 4180 792 4264 qui
836 4178 881 4244 ad
912 4180 1115 4266 Strymonem
1152 4183 1279 4250 demum

220 4283 363 4349 Xerxem
401 4283 575 4349 exercitum
609 4285 776 4370 reliquisse
815 4285 906 4354 testis
929 4294 993 4375 est,
1026 4287 1164 4374 denique
1194 4273 1280 4375 quod
