2954 4772
705 315 747 392 12

197 493 1249 590 alteraciusdempuguacSulaminiaenarratione(cupvllseql,
1290 533 1295 540 ·

198 611 231 674 ot
252 607 394 676 Iustinus
414 607 467 674 vel
488 608 615 692 Trogus
636 605 808 693 Pompeius
829 606 864 673 in
886 607 1085 695 exponendis
1107 609 1252 676 certami-

198 716 293 784 nibus
314 715 358 782 ad
378 714 611 801 Thermopylas
633 714 787 800 pugnatis
815 715 918 782 secuti
947 713 1027 800 sint,
1057 713 1112 802 (de
1132 734 1196 799 qua
1217 735 1253 782 re

197 825 311 908 postea
333 818 488 889 nonnulla
510 825 583 887 sunt
604 818 768 909 addenda)
792 821 868 905 quin
893 820 1089 904 Theopompi
1111 819 1252 905 aliquam
1376 885 1378 890 .

199 923 430 1010 digressionem
453 945 472 992 e
502 923 753 1011 Philippicorum
785 926 853 993 eius
882 925 964 992 libro
986 926 1019 992 X
1048 922 1251 1012 desumptam

198 1037 274 1098 ante
306 1032 415 1099 oculos
441 1032 487 1098 illi
519 1031 698 1098 habuerint.
770 1032 875 1117 Atque
906 1032 995 1099 favet
1025 1031 1153 1117 quidem
1175 1031 1250 1099 huic

198 1138 394 1221 sententiae,
424 1142 456 1203 et
486 1137 571 1222 quod
600 1136 777 1224 Diodorus,
816 1138 872 1222 qui
899 1139 933 1204 in
955 1138 1038 1206 libro
1059 1139 1108 1204 XI
1129 1158 1250 1205 meram

198 1243 318 1330 Ephori
353 1244 570 1311 narrationem
592 1245 686 1311 uobis
707 1245 865 1329 servavit,
891 1244 1062 1331 hocloco,
1085 1244 1169 1332 (cap.
1188 1246 1252 1311 1-
1276 1270 1281 1278 ·

200 1346 255 1434 15)
279 1347 325 1413 uti
348 1347 503 1431 debebat,
535 1348 648 1416 classis
678 1349 870 1417 aedificatae
891 1349 1085 1416 mentionem
1111 1370 1176 1416 non
1205 1349 1251 1417 fe·

198 1453 258 1531 cit,
281 1451 339 1519 scd
360 1459 472 1539 postea
496 1452 623 1519 demum
654 1454 726 1541 (XI,
747 1454 791 1520 43
820 1455 878 1521 suh
910 1474 996 1520 anno
1029 1454 1070 1520 ol.
1091 1453 1144 1540 75,
1165 1454 1201 1541 4)
1216 1453 1251 1542 I),
1351 1523 1353 1528 ,

198 1558 361 1644 Ephorum
393 1563 519 1626 secutus
553 1559 647 1626 aliter
680 1560 764 1626 hauc
793 1579 860 1625 rem
888 1557 1070 1644 descripsit,
1105 1564 1137 1624 et
1166 1557 1252 1643 quod

175 1653 388 1731 'Plutarchus
418 1683 487 1750 cap.
510 1665 591 1732 XIX
623 1665 737 1731 iterum
764 1665 804 1732 de
826 1663 1050 1730 Themistoclis
1078 1663 1126 1729 rei
1148 1662 1251 1749 publi-

198 1791 256 1838 cae
279 1771 441 1856 gerendae
463 1773 519 1839 via
540 1793 579 1840 ac
600 1773 724 1838 rationo
745 1771 848 1838 fusius
870 1770 1021 1857 disputat,
1042 1771 1090 1837 ita
1110 1790 1196 1854 vero,
1218 1774 1254 1836 ut

198 1882 332 1963 utroque
352 1879 423 1945 loco
446 1899 519 1944 eum
541 1899 581 1944 ex
604 1878 733 1965 Ephoro
764 1877 912 1944 hausisse
940 1877 1076 1962 cogitari
1102 1881 1251 1961 nequeat.

198 1985 311 2069 Neque
334 1985 471 2070 denique
492 1983 647 2051 iudicium
669 1985 791 2070 ipsum,
820 1981 905 2068 quod
933 1983 967 2049 in
993 1982 1054 2049 hoo
1077 1982 1182 2069 capito
1210 1980 1251 2048 de

198 2090 421 2158 Themistoclis
452 2092 584 2159 consilio
605 2091 721 2174 fertur,
755 2090 1003 2177 aTheopompo
1033 2089 1175 2156 alienum
1204 2093 1254 2155 est

199 2214 293 2278 quem
312 2201 437 2263 constat
452 2196 779 2264 Lacedaemoniorum
802 2196 955 2262 institutis
977 2194 1029 2261 vel
1051 2194 1190 2260 maxime
1204 2193 1252 2259 fa·

198 2304 300 2390 visse,
339 2302 591 2387 demagogorum
631 2308 739 2369 autem
774 2300 968 2367 factionibus
1001 2299 1252 2366 lulensissimum

198 2411 298 2479 luisse
320 2415 352 2477 et
374 2428 483 2477 severe
505 2410 683 2494 castigasse
705 2408 945 2495 perversitatem
975 2407 1179 2474 consiliorum
1200 2426 1253 2475 eo·

198 2537 277 2583 rum.
321 2516 435 2600 Itaque
452 2516 482 2582 ei
496 2513 625 2600 quidem
636 2513 768 2580 dubium
785 2513 889 2581 videri
899 2514 1012 2601 potuit,
1033 2534 1109 2579 num
1124 2533 1253 2581 revera

198 2622 429 2689 Themistocles
450 2620 589 2688 navibus
611 2619 823 2687 aedificandIs
845 2625 876 2687 et
897 2618 1068 2706 mutanda,
1097 2639 1180 2705 quac
1202 2638 1253 2686 us·

199 2747 260 2811 quc
282 2726 325 2792 ad
346 2731 491 2812 tempora
514 2725 583 2792 eius
605 2725 726 2809 fuerat,
760 2726 847 2791 vitae
869 2724 1020 2811 publicae
1050 2729 1083 2790 et
1105 2723 1252 2810 privatae

198 2830 402 2918 simplicitate
425 2830 622 2917 reipublicae
646 2830 744 2897 saluti
764 2829 862 2896 fuerit
880 2850 923 2895 an
944 2815 1097 2917 perniciei
1109 2827 1154 2917 ²),
1186 2849 1252 2897 non

199 2957 299 3021 usque
321 2957 359 3004 eo
382 2941 489 3004 autem
518 2936 764 3003 malevolentiae
796 2934 948 3022 progredi
969 2936 1091 3024 potuit,
1123 2942 1158 3002 ut
1188 2955 1252 3001 uon

199 3041 402 3127 concederet,
435 3043 490 3111 illo
521 3041 649 3128 quidem
676 3049 817 3129 tempore
840 3042 976 3109 classem
998 3042 1098 3110 fuisso
1121 3060 1252 3109 causam

199 3155 347 3217 servatae
383 3146 565 3235 craecia03'
595 3171 699 3235 neque
732 3149 860 3216 omnino
895 3147 1073 3234 putandum
1106 3153 1170 3233 est,
1206 3146 1254 3214 ita

198 3275 272 3322 eum
293 3256 393 3323 fuisse
415 3257 605 3324 malevolum
634 3262 731 3340 atque
758 3274 863 3321 rerum
892 3254 1032 3320 omnium
1064 3253 1254 3320 obtrectato-

199 3383 282 3448 rem,
314 3363 361 3428 uti
383 3369 507 3430 veteres
523 3364 693 3448 scriptores
716 3365 812 3445 atquc
835 3360 976 3426 omnium
999 3359 1137 3424 maxime
1158 3357 1254 3442 Poly·

199 3466 310 3554 bius⁸)
334 3469 510 3536 volucrunt.
565 3468 689 3548 Quibus
716 3485 757 3532 nc
787 3465 920 3530 nimiam
950 3464 1127 3530 habeamus
1148 3461 1254 3548 fidem,

199 3575 407 3642 iustissimum
439 3575 479 3642 dc
509 3595 547 3640 eo
575 3573 646 3640 tulit
675 3570 828 3638 iudicium
850 3569 1034 3638 Boeokhius
1047 3569 1084 3658 ⁴),
1118 3589 1254 3656 quocum

200 3753 493 3762 ——-—-—--....-——-

274 3857 298 3928 1)
318 3857 368 3913 cfr.
388 3855 539 3920 Boeokh,
560 3853 667 3910 Abhd.
676 3853 709 3908 K.
721 3853 775 3908 Ah.
784 3853 812 3907 d.
825 3853 870 3907 W.
880 3871 914 3908 zu
925 3852 1022 3909 Berlin
1034 3851 1103 3909 1815
1114 3871 1141 3924 p.
1152 3852 1212 3909 117.
1224 3881 1253 3894 -

200 3947 300 4014 idern,
320 3946 515 4002 Shaahshaush.
540 3944 568 3998 d.
580 3944 613 4001 A.
631 3945 645 4000 Ι
664 3963 691 4016 p.
702 3945 764 4000 351.
807 3941 964 4008 Grattius,
982 3943 1009 3999 h.
1028 3962 1055 4015 g.
1074 3943 1109 4009 11,
1131 3943 1192 4012 729,
1213 3943 1256 4001 15.

271 4039 299 4108 2)
318 4037 368 4092 ofr.
387 4036 608 4092 Welcherum
627 4035 657 4090 In
675 4035 747 4090 Mus.
766 4034 856 4089 Eheu.
874 4034 909 4089 V.
928 4053 956 4105 p.
975 4032 1028 4088 218
1047 4051 1105 4103 seq.
1247 4049 1250 4054 ·

271 4128 299 4200 8)
318 4126 377 4182 Pol.
396 4126 470 4193 VIII,
491 4125 532 4182 13.
549 4156 577 4166 -
626 4127 667 4182 De
686 4142 742 4195 quo
761 4123 875 4195 Polybii
898 4124 960 4180 Ioco
984 4123 1053 4194 quid
1072 4123 1256 4182 iudicandum

195 4219 247 4286 sih,
267 4215 406 4274 reiissime
425 4216 500 4272 vidit
518 4217 629 4273 Mirllc
641 4232 669 4283 r,
687 4216 770 4287 frgm.
791 4213 858 4270 hist.
878 4213 911 4270 G.
931 4215 944 4269 1
962 4232 990 4285 p.
1009 4213 1108 4270 LXIX.

267 4309 295 4380 4)
315 4307 457 4374 Boeokh‚
477 4307 601 4376 Shaatsh.
621 4307 650 4363 d.
670 4305 703 4362 h.
722 4305 745 4374 I,
765 4304 827 4362 316.
865 4361 868 4365 .
