2954 4772
721 309 764 378 36

213 485 357 558 nondum
384 487 540 556 liberatus
569 484 680 571 tuerit,
714 482 855 569 quodsi
886 481 1077 551 Plutarchus
1108 473 1272 566 voluisset,

210 595 381 679 hocloco,
404 591 730 680 utalias1),o0r1sto
760 589 1034 674 ἐξοστρακισθείς,
1057 578 1274 673 nonperfecto

217 698 503 783 ἐξωπρακιςμένος
543 716 620 764 usus
660 701 755 763 essct.
814 687 921 773 Quare
962 713 1033 760 cum
1069 690 1110 758 do
1144 690 1207 757 hec
1240 710 1275 757 re

218 799 402 869 Herodotus
431 807 464 868 et
485 799 634 891 Ephorus
656 798 875 884 consentiant,
904 818 970 864 non
995 795 1091 864 video
1124 815 1180 864 our
1202 815 1276 862 auc

219 906 281 974 tori
317 926 412 991 quem
450 925 520 992 cap.
553 906 603 972 XI
631 905 715 971 Plut.
743 909 870 972 secutus
900 909 963 989 est,
995 900 1169 970 Aristidem
1201 908 1276 970 aute

218 1032 363 1098 pugnum
383 1010 533 1078 novalem
554 1031 625 1079 esse
647 1015 841 1096 revocatum,
863 1009 1018 1076 maiorem
1040 1007 1136 1075 fidem
1157 1007 1277 1076 habea·

213 1134 307 1202 -mus,
336 1115 383 1182 uti
407 1116 535 1183 Curtius
558 1116 602 1203 (h.
625 1115 662 1183 G.
684 1116 728 1202 II,
752 1114 808 1202 70)
832 1120 865 1182 et
885 1113 1198 1200 Luchterhondimb
1220 1135 1276 1182 vo·

220 1219 356 1304 luo'runt
404 1215 589 1288 (lensensus
611 1226 718 1287 autem
751 1220 806 1305 qui
835 1225 942 1286 exstat
971 1219 1056 1286 inter
1076 1216 1276 1286 Herodotum

211 1330 255 1391 -et
275 1324 481 1392 Plutarchum
519 1326 560 1393 de
581 1325 733 1392 Aristidis
764 1325 862 1392 exilio
895 1345 934 1392 oc
963 1325 1068 1394 reditu
1099 1326 1276 1422 scribentes

222 1449 284 1514 quo
312 1429 500 1498 referendus
529 1431 572 1498 sit
601 1430 732 1498 dubium
760 1451 919 1498 essenon
941 1437 1066 1518 potest,
1088 1431 1277 1518 pracsertim

222 1553 294 1600 cum
322 1555 363 1602 ne
389 1534 494 1602 desint
517 1534 661 1622 quidem,
692 1536 806 1619 quibus
832 1534 953 1602 diversi
982 1535 1055 1620 siut
1097 1537 1279 1604 Herodotus

222 1640 308 1707 enim
341 1641 483 1708 breviter
514 1641 763 1728 simpliciterque
800 1641 840 1708 de
881 1661 1028 1709 sermone
1056 1641 1279 1710 Themistoclis

214 1752 256 1814 et
267 1745 420 1814 Aristidis
442 1746 579 1833 scripsit,
600 1746 766 1815 Plutarchi
788 1753 897 1814 nutem
916 1747 1017 1814 verba
1040 1745 1278 1832 legentemuon

215 1851 326 1936 ¹lugiet
346 1852 452 1919 inesse
480 1851 516 1918 in
536 1851 689 1919 Aristidis
710 1853 818 1920 verbis
841 1851 912 1940 (cir.
932 1852 1072 1918 maxime
1093 1853 1161 1920 vita
1182 1853 1280 1921 Arist.

224 1977 250 2023 o.
273 1955 308 2043 8)
336 1957 490 2024 malorem
528 1956 620 2042 quasi
653 1957 848 2041 elegantiam
880 1963 913 2023 et
946 1957 1092 2042 vigorem
1120 1957 1279 2043 quendam

214 2062 432 2147 rhetoricum,
461 2063 509 2128 ita
539 2068 667 2129 utnon
697 2081 738 2128 ex
761 2063 924 2130 Herodoto
950 2061 1040 2149 ipso,
1071 2061 1130 2130 sed
1156 2064 1280 2150 Ephori

216 2173 295 2234 arte
317 2166 459 2233 oratoria
480 2173 637 2233 exornata
666 2164 710 2231 od
730 2165 937 2232 Plutarchum
965 2186 1005 2232 ea
1026 2168 1212 2252 pervenisse
1232 2169 1280 2237 iu·

225 2270 398 2348 dicandum
432 2271 490 2357 sit3
519 2291 623 2357 neque
650 2271 770 2357 legitor
805 2270 934 2355 quidem
963 2270 1051 2358 opud
1081 2274 1280 2341 Herodotum

216 2379 312 2464 quod
333 2377 523 2445 Plutarchus
545 2377 605 2445 sub
628 2377 722 2444 finem
745 2396 771 2443 c.
793 2377 873 2443 VIII
894 2398 924 2444 u.
945 2377 1043 2444 Arist
1075 2377 1169 2449 huius
1189 2380 1280 2447 addi·

227 2484 275 2550 dit
313 2481 418 2549 facete
449 2482 577 2558 dietum.
630 2482 680 2547 Eo
715 2501 792 2548 vero
825 2501 908 2564 quae
948 2480 983 2546 in
1019 2481 1096 2548 sitin
1128 2483 1280 2552 Aristidis

226 2590 268 2679 (c.
290 2589 384 2676 VIII)
407 2594 439 2676 et
455 2587 678 2668 Themistoclis
699 2585 740 2674 (e.
762 2587 842 2674 XII)
865 2608 885 2652 a
907 2586 1077 2654 Plutarcho
1099 2597 1280 2680 narrantur,

227 2695 305 2782 quin
326 2694 430 2761 eidem
452 2693 535 2761 fonti
557 2692 750 2779 debeantur,
779 2713 844 2759 non
880 2699 929 2759 est
961 2692 1047 2777 quod
1068 2693 1200 2762 dubium
1222 2699 1281 2764 tibi

217 2819 299 2872 ¹esse
344 2800 463 2892 possit,
506 2800 535 2867 si
582 2800 685 2866 obiter
723 2797 817 2867 modo
861 2799 919 2865 illa
954 2800 1063 2887 capita
1096 2801 1281 2887 perlegeris.

228 2905 389 2980 Dindorus
405 2905 510 2992 Igitur
532 2903 572 2970 de
594 2903 656 2970 hoc
673 2901 826 2971 Aristidis
845 2903 1028 2971 interventu
1050 2905 1130 2971 nihil
1151 2907 1281 2995 rettulit,

217 2997 286 3082 sed
308 3011 373 3078 alia
395 3011 500 3098 habet,
523 3011 637 3097 quibus
669 3009 755 3095 quod
776 3009 939 3097 posuimus
961 3031 1033 3078 eum
1056 3031 1096 3079 ex
1119 3011 1281 3081 Herodoto

218 3139 293 3203 non
315 3118 470 3204 hausisse,
491 3117 702 3184 confirmatur.
746 3115 886 3180 Primum
898 3115 983 3182 enim
1004 3115 1116 3182 abillo
1135 3116 1281 3189 diversus

238 3281 523 3292 ...n-*—

305 3382 331 3455 1)
351 3382 401 3439 eir.
427 3383 503 3439 Plut.
526 3373 557 3437 ’1.
581 3379 699 3436 Aristid.
728 3397 752 3436 c.
777 3371 827 3448 25,
856 3378 1010 3450 comparet.
1046 3375 1133 3433 Arist.
1163 3379 1193 3435 et
1222 3377 1284 3436 0111.

230 3491 254 3534 c.
271 3471 308 3542 Il,
328 3474 354 3528 8.
641 3539 643 3542 ¹

302 3565 330 3635 2)
351 3559 621 3627 necuter-hand,
640 3561 696 3618 Der
714 3560 969 3616 staatsmiinnische
982 3558 1135 3617 character
1153 3558 1202 3617 des
1220 3558 1284 3616 Ari·

228 3655 325 3712 otides.
343 3653 443 3724 Progrr
460 3653 680 3709 Bunzlan1870.
699 3683 732 3693 -
753 3651 845 3718 Quare
856 3651 1011 3725 rectissime
1032 3651 1187 3728 Olintou
1205 3651 1236 3707 F.
1247 3652 1283 3708 Η.

228 3748 264 3813 Π,
283 3764 310 3817 p.
330 3745 365 3800 28
383 3744 435 3798 snb
454 3743 550 3809 0174,
569 3741 585 3796 2
603 3746 752 3799 annotasse
771 3741 843 3797 1111111
857 3741 972 3798 videtur
993 3741 1162 3797 »Ostracism
1181 3741 1284 3797 ofAri·

229 3835 333 3901 otides,
357 3833 400 3891 ior
418 3833 454 3890 ha
478 3850 566 3889 seems
585 3834 615 3888 to
637 3832 710 3890 have
738 3832 811 3888 been
838 3831 899 3886 still
920 3831 951 3886 in
981 3831 1056 3888 exile
1072 3833 1104 3886 ot
1123 3831 1172 3888 the
1192 3832 1284 3890 battle

215 3915 262 3982 ,o'f
275 3920 427 3988 Salamis»,
451 3920 486 3977 de
513 3937 570 3990 quo
594 3921 657 3982 loco
680 3938 738 3976 nou
756 3922 833 3976 recte
848 3919 961 3991 judicat
979 3919 1147 3976 Welcker
1164 3921 1196 3976 111
1214 3922 1286 3979 Mus.

220 4013 320 4068 rIthen.
337 4011 373 4077 V,
391 4027 456 4082 pag.
476 4010 537 4076 209,
556 4010 655 4065 annot.
676 4011 722 4064 13:
741 4009 822 4066 »Wia
842 4009 956 4065 Clinton
975 4009 1030 4064 mIt
1042 4010 1212 4083 Aofdhrung
1229 4029 1285 4068 son

218 4101 369 4170 [Herodot‚
395 4099 454 4156 und
472 4099 545 4156 ohne
561 4099 718 4159 Rilchsicht
735 4099 788 4156 ani
802 4100 849 4156 dio
866 4100 965 4156 Perscr
983 4098 1031 4155 des
1051 4100 1206 4172 Aeschylus
1224 4119 1287 4158 ver-
1395 4107 1407 4117 “

229 4191 349 4246 muthen
367 4189 453 4255 kann,
474 4189 538 4244 dass
557 4187 698 4244 Aristides
715 4207 765 4244 aur
783 4188 845 4244 Zcit
863 4187 914 4244 der
932 4187 1069 4245 Schlacht
1092 4206 1148 4246 von
1166 4190 1288 4247 Salamis

228 4280 300 4339 noch
319 4280 401 4336 nieht
418 4278 638 4350 aurdehgerufen
657 4296 787 4352 genesen
805 4279 861 4347 sei,
880 4279 919 4334 ist
938 4279 1046 4336 sehwsr
1064 4298 1098 4349 nu
1121 4280 1287 4354 bogreilene
