2954 4772
704 309 749 378 32

200 485 315 556 stoolea
336 483 471 554 Graecis
491 481 717 571 persuadebat,
739 489 775 551 ut
796 483 860 552 loci
880 484 1119 574 opportunitate
1140 486 1192 556 usi
1213 487 1257 554 ad

199 592 398 661 Salaminem
417 609 560 677 pugnam
583 588 800 675 decertarent3
830 589 888 658 sed
910 591 989 658 satis
1011 591 1110 659 habet
1132 592 1256 662 Plutar-

199 696 277 766 chus
306 697 451 768 attulisse
481 699 519 759 at
540 695 804 780 μνημονευόμενα
827 694 871 783 (v.
895 698 950 784 18)
979 718 1000 763 a
1022 696 1156 765 ducibus
1185 719 1257 786 pro·

198 804 277 873 lata.
322 803 428 882 Quare
450 821 491 868 ne
515 820 555 866 ex
578 800 707 887 Ephoro
730 799 858 886 quidem
881 802 962 868 hacc
984 803 1152 891 desumpta
1175 822 1257 891 esse,

201 928 294 976 nemo
316 904 461 994 prolecto
483 904 619 991 putabit.
664 904 709 971 At
741 910 816 974 sunt
848 905 963 989 quibus
992 925 1065 974 cum
1094 908 1255 975 Herodoto

200 1012 405 1080 adverbum
435 1029 538 1096 paene
568 1009 759 1077 Plutarchus
792 1011 988 1098 consentiat,
1021 1011 1078 1080 cir.
1111 1013 1200 1080 VIII.
1229 1033 1256 1080 c.

201 1121 254 1188 59.
297 1119 365 1185 Nec
397 1122 506 1183 tamen
537 1113 591 1180 hic
612 1114 776 1182 Plutarchi
805 1114 878 1183 fons
900 1115 1000 1184 tuisse
1021 1123 1144 1203 potest,
1179 1119 1256 1204 quia

199 1225 234 1293 in
270 1222 341 1289 loco
371 1220 428 1286 illo
453 1218 609 1286 Herodoti
639 1239 705 1286 non
734 1219 937 1305 Eurybiades
978 1219 1035 1288 sed
1052 1220 1256 1289 'Adimantus

200 1325 449 1397 Themistoclem
471 1324 657 1409 alloquitur,
690 1344 795 1410 neque
824 1345 907 1410 quac
936 1326 1127 1394 Plutarchus
1158 1325 1256 1396 habet

199 1434 276 1503 inde
298 1453 319 1500 a
340 1452 370 1500 v.
393 1432 435 1497 23
455 1427 685 1512 Ἐπαραμενόυ
708 1426 744 1492 δὲ
773 1429 829 1519 τὴν
849 1432 1031 1515 βακτηρίαν
1045 1453 1073 1499 x.
1095 1455 1119 1499 τ.
1142 1429 1171 1500 λ.
1193 1431 1257 1499 nisi

200 1542 341 1608 breviter
382 1534 574 1604 adumbrata
616 1533 703 1622 apud
732 1534 929 1602 Herodotum
967 1537 1122 1605 iuvenies.
1177 1538 1255 1606 For·

198 1653 287 1714 tasse
316 1649 427 1712 contra
454 1662 519 1709 non
546 1641 616 1707 siue
638 1640 725 1707 omni
746 1641 815 1708 veri
836 1642 958 1728 specie,
987 1663 1058 1708 oum
1079 1643 1255 1710 rhetoricus

200 1748 332 1837 quidam
352 1747 490 1833 impetus
511 1743 545 1809 in
560 1743 725 1810 Plutarchi
746 1744 853 1811 vorbis
875 1745 981 1814 inesse
1004 1744 1161 1832 videatur,
1184 1745 1254 1833 (cfr.

199 1855 337 1924 maxime
367 1851 543 1918 orationem
569 1869 665 1934 quam
697 1848 944 1917 Themistoclem
977 1850 1149 1918 habentem
1177 1850 1256 1923 facit

200 1957 277 2028 inde
306 1977 327 2024 a
357 1977 388 2022 v.
410 1957 462 2022 29.
484 1975 515 2041 p.
537 1954 602 2020 230
632 1991 674 2006 -·-
708 1975 738 2021 v.
761 1956 781 2021 3
808 1976 840 2040 p.
870 1955 949 2042 231)
979 1956 1116 2042 cogitari
1150 1960 1257 2042 potest

201 2065 242 2132 de
263 2059 412 2131 Neanthe
434 2059 613 2144 cyziceno,
647 2058 699 2125 cui
727 2079 879 2144 magnam
901 2081 922 2126 a
943 2061 1114 2128 Plutarcho
1136 2061 1171 2127 in
1193 2062 1255 2128 huc

199 2171 267 2239 vita
303 2163 474 2236 scribenda
500 2163 644 2230 habitam
667 2183 737 2230 esse
766 2163 877 2251 fidem,
910 2171 1023 2250 postea
1053 2166 1256 2234 demonstare

199 2295 295 2364 posse
317 2270 396 2338 mihi
416 2269 538 2354 videor,
561 2267 727 2355 adquam,
750 2276 785 2335 ut
806 2276 876 2336 erat
897 2270 1048 2338 Isocratis
1071 2270 1255 2360 discipulus,

199 2380 338 2466 vestigia
365 2377 422 2444 illa
452 2375 592 2442 oratoria
622 2375 690 2441 iure
718 2375 905 2443 referuntur.
949 2376 1063 2444 Eidem
1091 2397 1253 2444 veronen

199 2485 381 2570 tribuerim,
413 2501 495 2568 quac
518 2481 629 2567 primis
651 2480 768 2548 deiude
791 2482 907 2568 cupitis
928 2481 992 2548 XII
1013 2484 1159 2550 versibus
1179 2483 1254 2549 Plu·

199 2591 330 2660 tarchus
352 2591 586 2670 commemorat,
608 2605 678 2652 cum
700 2586 776 2669 quio
798 2586 868 2672 ipse
884 2585 962 2652 dicit
984 2585 1106 2664 λέγεται
1129 2586 1165 2650 dl
1188 2583 1256 2652 ὑπό

199 2717 295 2764 ανον
317 2693 373 2782 (ab
396 2691 461 2758 alio
494 2689 593 2774 igitur
614 2689 769 2775 auctore),
792 2695 859 2755 tum
888 2690 964 2774 quia
987 2690 1034 2756 eis
1057 2710 1140 2773 quae
1161 2709 1254 2777 prae-

200 2803 318 2872 cedunt
338 2795 571 2884 quodammodo
594 2795 691 2861 ctiam
718 2796 880 2862 contraria
902 2801 984 2862 sunt.
1029 2796 1090 2861 Illa
1112 2796 1197 2864 enim
1219 2796 1254 2862 in

199 2907 333 2978 consilio
356 2903 485 2988 ducum,
520 2902 602 2968 sicut
623 2900 804 2968 Herodotus
833 2907 866 2967 et
887 2900 1047 2968 Diodorus
1078 2906 1211 2968 narrant
1234 2922 1255 2967 a

198 3007 413 3081 Themistocle
436 3013 468 3073 ct
481 3004 668 3090 Eurybiada
690 3005 817 3090 prolata
838 3025 909 3071 esse
923 3005 1068 3089 cogitare
1090 3004 1253 3091 debemus,

197 3116 354 3185 hocloco
377 3118 485 3180 autem
506 3110 695 3178 Plutarchus
717 3109 809 3176 dicit:
832 3109 954 3190 λέγεται
977 3155 985 3172 .
1009 3155 1018 3174 .
1041 3107 1095 3174 τὸν
1115 3113 1177 3192 μὲν
1193 3112 1255 3174 Θε-

198 3218 368 3308 μιστοκλέα
410 3220 483 3302 περὶ
521 3217 640 3280 τούτων
676 3213 757 3279 aiud
798 3217 865 3280 τοῦ
903 3213 1255 3299 ααταστροίματος

199 3329 333 3393 ἄνωθεν
365 3324 418 3404 τῆς
447 3322 525 3396 νεώς
557 3319 778 3404 διαλέγεσθαι.
829 3321 951 3406 Quare,
985 3320 1125 3387 maxime
1147 3325 1254 3386 autern

199 3434 241 3502 ob
263 3451 335 3499 eam
357 3447 505 3513 causam,
540 3425 616 3510 quia
648 3427 692 3492 ad
713 3426 938 3493 miraculorum
961 3431 993 3494 et
1014 3428 1177 3509 elgnorum
1198 3444 1252 3490 cx·

199 3537 407 3628 plicationem
427 3552 539 3600 versus
562 3531 609 3598 illi
631 3533 815 3618 spectant¹,
846 3552 886 3600 ex
908 3528 1099 3598 Philochoro
1120 3547 1175 3595 eos
1198 3526 1252 3595 de·

199 3649 342 3731 sumptos
363 3660 434 3708 esse
455 3644 541 3726 puto.

287 3748 435 3816 Ceterum
457 3744 539 3811 hacc
568 3741 696 3828 quidem
726 3742 834 3812 omnia
865 3763 937 3809 cum
959 3738 1003 3808 ad
1022 3740 1128 3828 ipsam
1149 3758 1255 3807 rerum

200 3853 388 3924 memoriam
414 3871 479 3918 non
507 3849 704 3936 pertincant,
738 3869 803 3916 non
839 3848 951 3933 magni
984 3846 1136 3915 momenti
1171 3849 1255 3930 sunt,

198 3962 275 4030 lndc
295 3979 374 4028 vero
397 3979 418 4026 a
439 3953 608 4025 verbisdrd
631 3953 670 4039 δὴ
694 3958 748 4018 aul
755 3952 896 4038 μάλιστα
905 3952 1095 4021 Plutarchus
1116 3950 1160 4018 ad
1182 3971 1256 4019 auc

201 4117 493 4134 -u——u-——na

276 4207 302 4279 1)
320 4205 387 4262 vide
401 4201 568 4275 Heaycltr'cm
587 4219 608 4258 e.
626 4201 737 4274 ylae't
748 4203 881 4257 ἔπτατο·
900 4198 952 4270 πρὸ
970 4197 1112 4270 τῆςμαχης
1129 4198 1259 4251 latala-

195 4297 383 4378 μῖνο·γλαῦατι’
402 4310 488 4369 φασιν
507 4293 648 4360 διακαῆ-ναν
666 4292 710 4360 τὴν
728 4298 804 4362 νίκην
822 4293 1069 4365 προσημαίνουσαι
