2954 4772
706 341 751 416 44

194 510 350 602 imparem
371 515 453 586 inire
473 516 644 604 voluisset3
674 524 771 604 atque
792 517 878 587 idem
900 515 1037 584 fortasse
1058 515 1093 584 in
1114 511 1249 600 Nepotis

196 620 303 690 verbis
324 622 425 709 inest,
447 622 534 709 apud
556 644 650 708 quem
673 644 699 690 c.
713 624 804 702 1V‚3
827 623 980 706 legimus:
1002 618 1253 707 „Themistocles

195 746 278 794 unus
300 728 416 796 restitit
438 735 470 797 et
498 730 665 798 universos
692 749 788 816 pares
817 750 888 796 esse
917 749 1011 815 posse
1041 729 1166 813 aiebat,
1190 726 1254 793 dis·

197 853 308 918 persos
336 835 516 902 testabatur
545 835 732 920 perituros.“
794 833 920 900 Deinde
942 833 1084 900 Diodoro
1118 838 1150 898 et
1178 831 1265 920 Plu-¹

85 941 88 944 ’
197 939 307 1006 tarcho
330 940 464 1007 testibus
486 939 717 1008 Themistocles
739 942 881 1008 Xerxem
903 939 1073 1006 commovit
1102 936 1145 1004 ad
1173 957 1253 1023 pug-

197 1066 274 1111 nam
294 1045 469 1112 ineundam
491 1046 577 1132 quod
598 1047 629 1114 ei
651 1046 855 1114 nuntiaverat
877 1046 1039 1132 „Graecos
1055 1043 1151 1110 facile
1165 1042 1251 1110 vinci

196 1167 307 1236 posse,
340 1151 416 1235 quio
438 1151 574 1220 seiuncti
596 1158 702 1218 essent
724 1152 767 1218 ab
790 1151 931 1217 exercitu
953 1147 1113 1236 pedestri“
1137 1154 1168 1214 et
1189 1148 1263 1224 He<

197 1255 309 1324 rodoto
331 1263 412 1324 teste
439 1257 552 1342 „quia,
586 1278 657 1324 oum
685 1258 768 1324 inter
791 1278 826 1324 se
857 1255 1079 1340 dissentirent,
1108 1251 1253 1320 nonnulli

139 1441 140 1444 Ἴ
197 1358 241 1424 ad
269 1361 439 1428 Persarum
465 1368 573 1449 partes
607 1361 761 1429 defecturi
794 1363 937 1447 essent“,
971 1361 1113 1427 Iustinus
1142 1363 1253 1425 eontra

198 1486 269 1532 eum
284 1466 485 1536 nuntiantem
500 1467 595 1534 facit:
617 1488 700 1554 „nno
718 1468 753 1534 in
774 1469 845 1534 loco
861 1488 933 1534 eum
948 1471 1142 1534 contractam
1154 1463 1252 1531 Grae-

197 1573 280 1640 ciam
302 1594 418 1660 capere
440 1573 592 1640 facillime
601 1567 717 1659 'posse
762 1573 884 1654 Quodsi
903 1572 1059 1657 civitates,
1081 1590 1164 1655 quae
1179 1569 1253 1657 ,iam

196 1679 287 1746 abire
307 1679 442 1765 vellent,
465 1679 669 1766 dissipentur,
691 1679 813 1747 maiore
834 1680 946 1746 labore
969 1679 1000 1745 ei
1021 1677 1165 1762 singulas
1177 1696 1251 1742 eon·

196 1785 397 1871 sectandas‘,
420 1791 516 1871 atque
537 1787 635 1872 plane
655 1807 726 1853 cum
748 1807 786 1853 eo
810 1787 1012 1854 consentiens
1023 1787 1133 1872 Nepos
1154 1785 1252 1870 scrip·

197 1892 239 1958 sit
260 1912 286 1958 c.
308 1892 363 1977 IV,
385 1893 422 1958 3:
453 1912 600 1977 „servum
631 1893 673 1959 ad
700 1912 810 1976 regem
831 1892 934 1977 misit,
965 1899 1001 1959 ut
1032 1892 1062 1958 ei
1091 1891 1253 1958 nuntiaret

198 1999 266 2065 suis
288 1999 413 2086 uerbis,
446 1998 650 2065 adversarios
673 1998 742 2066 eins
763 1998 797 2064 in
827 2003 905 2082 fuga
928 2018 1016 2078 esse3
1047 1999 1101 2083 qui
1132 1997 1160 2066 si
1189 1995 1252 2063 dis·

197 2104 382 2190 cessissent,
420 2105 541 2171 maiore
572 2125 643 2170 cnm
677 2105 788 2172 labore
810 2110 842 2171 et
864 2105 1086 2190 longinquiore
1108 2109 1262 2189 tempore·

196 2209 314 2275 bellum
337 2209 569 2295 confecturum,
592 2229 663 2276 cum
692 2208 838 2294 singulos
869 2210 1046 2278 consectari
1067 2215 1251 2300 cogeretur3

146 2327 151 2334 “
198 2332 277 2397 quos
300 2314 328 2382 si
349 2313 457 2382 statim
488 2313 735 2399 aggrederetur,
767 2313 859 2382 brevi
890 2315 1056 2382 universos
1085 2334 1251 2401 oppressu·

196 2420 295 2486 rum.“
1143 2431 1144 2436 ’

262 2528 366 2594 Favet
386 2531 494 2592 autem
515 2525 590 2591 huic
612 2525 803 2610 sententiae,
835 2525 942 2592 inesse
973 2524 1008 2590 in
1037 2527 1171 2612 Nepotis
1200 2547 1252 2594 co-

196 2635 263 2723 pite
284 2632 331 2700 IV
352 2631 491 2716 vestigia
513 2631 760 2718 Theopompea,
791 2630 877 2715 quod
897 2650 994 2716 supra
1010 2632 1119 2719 capita
1139 2633 1200 2700 Iet
1218 2634 1252 2700 II

197 2741 301 2808 eidem
321 2738 509 2820 tribuimus,
544 2744 640 2823 caput
662 2736 712 2801 III
735 2742 841 2802 autem
863 2736 910 2802 ita
931 2737 1002 2803 sine
1022 2737 1191 2811 verborum
1221 2744 1253 2804 et

198 2844 426 2912 sententiarum
448 2863 534 2910 nexu
567 2843 722 2909 insertum
744 2861 815 2908 csse
858 2839 1011 2927 diximus,
1040 2848 1075 2910 ut
1104 2843 1149 2908 ad
1178 2864 1261 2912 enn-¹

198 2953 271 3019 dem
292 2947 546 3018 fontem'referri
568 2948 727 3033 nequiret,
761 2968 837 3013 nam
859 2967 941 3032 quae
962 2947 1093 3015 ineunte
1114 2968 1185 3036 cap.
1206 2951 1253 3018 IV

196 3059 351 3144 legimus:
384 3056 446 3142 „At
467 3057 593 3122 Xerxes
626 3053 851 3139 Thermopylis
883 3055 1078 3140 expugnatis
1109 3057 1253 3142 protinus

197 3163 333 3231 accessit
354 3168 426 3230 astu
445 3161 541 3247 idque
563 3160 660 3227 nullis
684 3158 930 3226 defendentibus
952 3159 1128 3228 interfectis
1149 3182 1253 3230 sacer·

199 3267 341 3354 dotibus,
374 3286 453 3351 quos
474 3267 508 3332 in
530 3285 605 3332 arce
627 3265 811 3349 invenerat,
839 3263 988 3332 incendio
1011 3267 1160 3353 delevit‘,
1180 3269 1254 3354 ipsa

111 3438 116 3444 .
197 3379 358 3461 postrema
389 3372 504 3459 capitis
532 3372 565 3436 II
587 3371 687 3438 verba
709 3370 889 3456 excipiunt:
922 3391 1050 3457 „arcem
1081 3373 1254 3441 sacerdoti·

197 3483 258 3548 bus
279 3471 455 3567 paucisque
478 3477 653 3544 maioribus
676 3482 753 3542 natu
775 3496 815 3542 ac
844 3495 937 3544 saera
959 3479 1161 3563 procuranda
1190 3485 1253 3545 tro·

198 3586 294 3672 dunt,
324 3586 481 3670 reliquum
503 3582 656 3671 oppidum
678 3582 889 3668 relinquuntf‘
933 3582 1124 3651 Sacerdotes
1146 3589 1253 3651 antem

197 3693 232 3759 in
252 3711 325 3758 arco
348 3711 419 3757 esse
449 3689 594 3774 relictos,
628 3692 755 3774 praeter
777 3689 934 3774 Nepotem
954 3708 1047 3755 nemo
1080 3689 1207 3776 scripsit
1217 3689 1254 3778 ¹).

197 3799 297 3865 Poma
319 3796 395 3863 vide
417 3815 514 3880 quam
536 3794 682 3861 diversus
715 3793 757 3861 sit
779 3793 820 3860 ab
844 3794 974 3880 Ephoro
1005 3795 1146 3863 Iustinus
1168 3795 1254 3881 qnod

197 3904 237 3970 de
259 3902 447 3988 Artemisia,
469 3922 566 3987 quom
588 3899 719 3968 summis
740 3899 891 3967 laudibus
914 3920 992 3986 prae
1013 3901 1087 3969 aliis
1106 3903 1262 3971 omnibus.

198 4010 321 4096 etipse
343 4009 451 4091 effert,
475 4006 570 4077 dicit:
593 4007 730 4092 „quippe
752 4011 787 4072 ut
808 4005 843 4071 in
864 4005 934 4074 viro
955 4006 1143 4075 muliebrem
1163 4009 1256 4077 timo·

197 4134 280 4201 rem,
308 4114 355 4180 ita
376 4112 411 4180 in
431 4113 562 4180 muliere
583 4111 709 4180 uirilem
737 4107 909 4178 audaciam
930 4111 1106 4200 eerneres“,
1133 4117 1169 4180 ut
1197 4133 1255 4180 sno

266 4337 294 4410 1)
312 4335 367 4394 on.
386 4335 550 4409 Nipperdey
569 4335 588 4391 l.
607 4335 627 4391 l.
646 4353 675 4408 p.
693 4333 737 4390 21.
