2954 4772
716 321 760 392 48

205 491 409 587 cognoscere
432 492 515 568 mihi
542 495 671 587 videor3
709 521 902 587 quamquam
937 499 1076 569 libenter
1111 500 1262 586 concedo,

206 604 432 674 Philochorum
454 612 488 672 ut
510 607 689 692 nominem,
720 607 820 672 aliam
842 603 963 672 inillam
985 625 1037 672 me
1058 604 1093 672 in
1114 611 1262 692 promptu

208 701 327 778 habere
350 732 497 799 oausam,
527 703 623 797 quam
646 712 871 796 gravissimam
894 711 1001 798 illam,
1033 709 1120 796 quod
1139 711 1265 778 Plutar-

208 816 302 882 chum
324 837 342 883 e
363 818 476 904 paucis
506 818 714 904 scriptoribus
745 818 891 902 singulas
920 817 1004 884 vitas
1035 816 1264 904 conscripsisse

207 929 341 991 constat.

272 1030 363 1096 Haec
384 1028 485 1095 habui
507 1047 590 1112 quae
612 1027 801 1097 dissererem
824 1028 864 1096 de
885 1026 1027 1094 fontibus
1049 1026 1165 1114 prioris
1192 1047 1264 1114 par-

205 1133 248 1199 tis
270 1133 358 1200 vitae
380 1123 642 1200 Themistocleae.
698 1134 815 1220 Capita
847 1140 955 1200 autem
985 1152 1068 1216 quae
1089 1139 1264 1218 sequuntur

199 1237 280 1304 inde
303 1259 324 1304 a
344 1239 426 1305 XIX
450 1223 611 1324 pertinent
639 1238 682 1304 ad
704 1260 775 1306 eam
798 1231 951 1307 historiae
962 1238 1107 1306 Graecae
1129 1243 1263 1324 partem,

205 1363 302 1428 quam
324 1344 526 1428 grammatici
552 1347 832 1428 nsnpaovrosrtov
856 1344 1019 1429 dixerunt,
1042 1343 1086 1409 ad
1108 1343 1263 1430 quinqua·

206 1450 297 1535 ginta
318 1449 391 1516 illos
414 1467 516 1516 annos
549 1449 782 1519 intercedentes
804 1450 887 1517 inter
909 1448 1026 1516 bellum
1046 1448 1210 1516 Persicum
1231 1455 1263 1515 ct

204 1553 513 1640 Peloponnesiacum
552 1553 606 1638 qni
635 1575 731 1638 quam
761 1575 826 1620 non
859 1554 924 1621 sint
945 1553 1039 1620 certis
1071 1551 1263 1620 testimoniis

206 1661 396 1747 scriptorum
417 1659 556 1740 definiti,
592 1658 645 1726 vel
666 1659 867 1747 mediocriter
888 1659 923 1724 in
945 1658 1079 1725 historia
1100 1665 1262 1725 versatum

205 1786 270 1833 non
293 1765 384 1851 fugit.
439 1763 620 1831 Herodotus
650 1765 736 1831 enim
757 1757 927 1852 postquam
949 1763 1101 1830 victorias
1124 1762 1167 1830 ad
1187 1763 1262 1828 Pla·

204 1877 295 1939 taeas
317 1878 349 1938 et
364 1871 514 1956 Mycalen
537 1875 716 1955 reportatas
740 1869 924 1956 descripsit,
946 1869 1043 1936 finem
1064 1869 1143 1935 facit
1164 1868 1261 1936 histo-

203 1978 289 2064 riae,
322 1996 425 2061 neque
460 1975 667 2061 Thucydides
702 1976 765 2043 nisi
809 1975 1008 2059 digressione
1045 1975 1261 2043 illustrissima

203 2083 260 2149 illa
282 2081 411 2168 quidem
440 2080 499 2148 sed
531 2082 623 2148 brevi
644 2088 769 2148 tantum
792 2087 825 2148 et
848 2077 1038 2148 adumbrata
1061 2081 1130 2167 (lib.
1150 2080 1168 2147 1
1190 2101 1260 2166 cap.

205 2187 369 2275 80-117)
393 2207 444 2254 res
466 2207 487 2254 a
509 2187 595 2254 Sesti
616 2187 784 2254 obsidione
805 2207 905 2273 usque
930 2187 973 2252 ad
995 2185 1087 2252 initia
1108 2186 1186 2253 belli
1200 2186 1259 2252 Pe·

202 2291 423 2378 ioponncsiaoi
445 2297 553 2375 gestas
581 2297 768 2377 persecutus
801 2297 858 2359 est.
910 2292 1017 2371 Quare
1046 2291 1139 2359 nobis
1159 2292 1259 2358 Hero·

203 2397 296 2468 dotus
318 2402 374 2461 aut
402 2395 530 2462 libellus
558 2396 614 2463 ille
645 2397 685 2464 de
714 2396 918 2480 malignitate
947 2397 1022 2462 Her.
1044 2395 1194 2483 scriptus,
1224 2396 1259 2463 iu

202 2521 335 2587 quorum
356 2501 461 2568 locum
482 2501 690 2588 Thucydides
712 2501 864 2587 succedit,
886 2521 958 2576 non¹
974 2499 1095 2568 diutius
1115 2502 1149 2568 in
1173 2522 1257 2569 com·

201 2607 402 2693 parationem
431 2606 570 2696 vocandi
600 2614 688 2693 sunt,
726 2626 831 2691 neque
858 2604 893 2674 id
926 2605 1064 2691 amplius
1096 2605 1259 2690 agendum

202 2718 267 2798 est,
300 2718 337 2778 ut
363 2718 514 2777 accurata
540 2711 779 2798 comparatione
809 2708 943 2776 Diodori
976 2729 1048 2792 cum
1069 2708 1258 2796 Thucydide

201 2817 363 2903 instituta,
397 2817 539 2884 Siculum
562 2837 602 2883 ex
624 2817 685 2884 hoo
707 2838 771 2883 non
793 2816 940 2883 hausisse
961 2816 1149 2902 probemus,
1182 2815 1258 2899 quia

201 2944 239 2992 eo
262 2943 392 2990 minnere
414 2924 471 2989 alii
497 2924 582 2991 satis
615 2924 786 3008 diligenter
809 2921 909 2988 functi
931 2928 1022 3006 sunt,
1055 2920 1173 2988 sufficit
1202 2942 1257 3008 po-

199 3031 264 3097 tius
295 3029 472 3096 Plutarcho
501 3049 572 3097 cum
594 3028 784 3115 Thucydide
819 3034 851 3094 et
873 3027 1015 3095 Diodoro
1048 3027 1165 3096 collato
1203 3028 1257 3095 de-

199 3142 504 3223 monstrasse,<eum
527 3157 592 3203 non
613 3135 813 3221 Thucydide,
834 3134 890 3201 sed
914 3135 1073 3201 communi
1095 3155 1167 3201 cum
1180 3135 1257 3202 Dio·

200 3242 278 3311 doro
301 3243 388 3310 fonte
410 3263 502 3309 usum
525 3263 604 3328 esse,
627 3243 694 3308 alia
716 3261 798 3326 quae
821 3239 864 3307 ad
886 3241 1051 3307 historiam
1072 3241 1177 3327 ipsam
1191 3263 1255 3309 uon

199 3350 398 3437 pertineant,
420 3369 461 3416 ex
483 3369 546 3415 uno
570 3349 735 3416 duobusve
758 3347 832 3414 aliis
855 3347 997 3415 fontibus
1021 3346 1175 3416 hausisse.

265 3456 369 3541 Atque
392 3455 532 3541 exponit·
547 3454 675 3540 quidem
697 3454 888 3520 Plutarchus
911 3454 1016 3540 capite
1038 3453 1120 3520 XIX
1136 3453 1212 3522 inde
1234 3475 1255 3522 a

198 3559 322 3645 verbis,
353 3559 596 3642 I'avdpsvccdi
613 3557 694 3623 cinci
727 3563 790 3623 τῶν
820 3561 971 3644 πράξεων
1001 3557 1132 3624 ἐκείνων
1154 3556 1256 3634 εὐθὺς

199 3663 350 3750 ἐπεχείρει
385 3667 441 3750 τὴν
466 3663 564 3729 πόλιν
582 3663 820 3746 ἀνοικοδομεῖν
853 3667 909 3741 sal
934 3661 1092 3750 τειχίζειν,
1120 3662 1256 3744 ,Themi-

197 3769 306 3836 stoclis
328 3770 462 3837 consilio
485 3778 517 3837 et
539 3769 715 3838 calliditate
737 3769 858 3835 factum
880 3789 967 3855 esse,
989 3775 1036 3835 ut
1065 3768 1256 3855 contemptis
1347 3765 1353 3774 “

198 3874 346 3942 omnibus
362 3875 689 3944 Lacedaemoniorum
712 3874 952 3942 adversantium
968 3874 1147 3943 rationibus
1158 3875 1255 3942 Athe-

197 3980 364 4048 niensium.
379 3982 455 4048 urbs
478 3983 576 4050 muris
600 3981 860 4050 circumdaretur.
914 3982 1058 4061 Quocum
1080 3981 1108 4048 si
1128 3981 1255 4068 Thucy-

199 4085 306 4152 didem
329 4091 361 4152 et
383 4077 560 4155 Diodorum
590 4088 889 4176 comparaverimus.
914 4087 1052 4173 primum
1078 4085 1255 4173 edocemur,

198 4209 260 4272 quo
283 4188 465 4275 pertineant
493 4191 657 4260 Plutarchi
686 4193 786 4260 verba
818 4191 1093 4276 negligentissime
1126 4193 1256 4280 scripta,

196 4290 368 4374 γενόμενος
390 4288 472 4357 sind
495 4299 571 4360 τῶν
594 4297 787 4383 πράξεων
808 4294 994 4384 ἐκείνων,
1017 4317 1099 4382 quae
1119 4297 1195 4382 quin
1214 4303 1255 4364 ad
