2954 4772
695 324 735 390 17

184 495 321 567 Diodori
341 494 424 564 illud
444 493 588 581 scripsit,
621 494 822 564 Euaeuetnm
850 515 908 583 pcr
928 493 1056 580 legatos
1077 493 1120 561 ab
1142 491 1243 561 omni·

186 605 246 673 bns
269 605 464 672 Graecorum
485 599 619 667 urbibus
640 601 838 689 postulasse,
867 607 903 669 111
923 601 1081 668 delectam
1106 599 1244 666 militurn

185 730 316 776 manum
336 709 499 776 mitterent
520 705 564 772 ad
584 705 691 777 aditus
707 705 897 776 Thessaliae
910 703 1242 792 communipraesidio

187 813 417 883 defendendos.
457 811 598 879 Maxime
609 831 686 879 vero
698 811 841 880 Siculum
854 833 894 880 ex
905 812 976 899 ipso
990 809 1153 880 Herodoto
1166 809 1243 876 hau·

187 923 269 991 sisse
298 943 340 990 ne
362 926 509 1008 putemus
531 938 570 986 eo
591 922 752 1004 vetamur,
783 918 868 1004 quod
899 918 955 985 ille
977 919 1008 1005 3,
1032 919 1061 984 1.
1082 918 1113 984 2.
1134 916 1244 1001 singu·

186 1028 238 1096 las
265 1034 379 1113 gentes
409 1044 492 1111 qnae
522 1023 555 1090 in
589 1023 761 1091 Persarum
793 1029 903 1111 partes
929 1029 1153 1109 uansgressae
1180 1021 1246 1088 sint

188 1129 361 1216 diligenter
392 1133 573 1213 enumerat,
597 1147 730 1212 quarum
750 1128 931 1196 Herodotus
952 1135 1081 1218 praeter
1106 1127 1245 1196 Thessa·

55 1250 59 1259 ·
187 1236 237 1305 los
259 1235 449 1305 nominatim
470 1233 593 1300 nullam
615 1233 718 1300 affert.
767 1235 879 1320 Neque
905 1235 1011 1319 magis
1042 1234 1082 1301 de
1111 1252 1243 1302 numero

188 1340 347 1408 exercitus
368 1341 539 1407 Persarum
567 1337 651 1404 inter
678 1338 752 1405 illos
779 1340 945 1426 convenit,
978 1358 1073 1424 quem
1101 1335 1245 1405 Herodo-

54 1450 57 1459 '
187 1452 240 1514 tus
261 1445 390 1532 quidem
412 1444 499 1532 (VII,
518 1445 570 1530 60,
593 1444 645 1530 87,
670 1444 746 1533 184)
771 1445 922 1512 1700000
943 1444 1044 1512 fuisse
1064 1443 1151 1529 dicit,
1172 1461 1245 1509 cum

188 1552 350 1620 Diodorus
381 1551 412 1636 3,
442 1550 463 1615 6
498 1548 571 1635 plus
600 1568 695 1632 quarn
731 1550 861 1616 800000
893 1549 1072 1636 scripserit3
1113 1548 1245 1614 navium

191 1654 308 1723 deinde
329 1660 429 1722 totum
451 1673 617 1720 nnmerum
639 1659 771 1739 uterque
793 1653 930 1721 eundem
952 1655 1020 1721 iere
1041 1654 1145 1739 affert,
1166 1652 1244 1720 Dio·

192 1759 289 1828 dorus
310 1759 400 1846 (2,1.
421 1760 452 1844 3,
470 1758 505 1843 7)
526 1758 599 1845 plus
622 1779 719 1843 quam
744 1760 829 1826 1200
850 1760 1111 1844 111010000320
1143 1758 1243 1825 0111οε

192 1886 263 1952 cas,
286 1863 468 1932 Herodotus
489 1863 671 1931 accuratius
696 1865 777 1931 1207
803 1863 888 1952 (cap.
912 1866 1075 1954 59-96);
1097 1864 1132 1940 in
1153 1883 1245 1931 enar·

191 1956 303 2037 randis
325 1977 432 2037 autem
453 1970 655 2055 singularum
678 1970 822 2054 gentium
844 1972 984 2038 numeris
1013 1977 1046 2039 01
1072 1971 1106 2036 in
1132 1969 1244 2037 ordine

190 2094 283 2160 quem
315 2079 491 2160 sequnntur
518 2094 648 2161 prorsus
678 2073 797 2141 diversi
824 2081 907 2142 sunt
958 2076 1159 2160 Quamquam
1187 2073 1246 2140 tali

191 2181 318 2266 quidem
341 2179 521 2247 diversitati
551 2200 615 2247 non
638 2179 771 2246 nimium
793 2180 996 2248 tribuendum
1018 2188 1081 2268 est,
1112 2181 1188 2266 qnia
1217 2180 1245 2246 si

190 2287 371 2354 accuratius
394 2283 571 2351 Diodorum
592 2286 767 2371 perlegeris
798 2286 894 2353 facile
921 2306 1113 2373 cognosces,
1142 2285 1245 2371 negli

189 2391 373 2476 gentissime
395 2389 453 2456 illa
475 2389 583 2455 omnia
605 2389 648 2456 ab
671 2410 709 2456 00
731 2411 802 2458 0000
830 2391 1024 2478 perscripta3
1059 2410 1131 2457 cum
1159 2390 1246 2472 anim

190 2497 292 2584 primo
315 2496 387 2562 1000
409 2493 494 2582 (cap.
510 2495 541 2581 2,
564 2493 597 2582 1)
620 2495 752 2561 afferat:
785 2493 995 2560 κατεσκεύασε
1017 2498 1097 2571 ναῦς
1117 2495 1246 2579 μακρὰς

190 2601 353 2677 πλείους
383 2605 447 2666 τῶν
482 2600 594 2682 pellan
625 2604 681 2665 καὶ
714 2601 901 2680 διακοσίων,
937 2602 1074 2688 singulis
1105 2601 1245 2669 numeris

190 2707 383 2794 computatis
416 2727 480 2773 non
497 2707 578 2788 ptus
600 2726 696 2788 quam
720 2708 822 2793 1200,
854 2706 913 2775 sed
945 2707 1050 2793 ipsum
1079 2725 1245 2786 nnmerum

192 2814 278 2880 1200
298 2810 460 2895 invenies,
491 2829 594 2893 neque
629 2808 714 2893 qnod
745 2808 827 2875 dixit
857 2811 1024 2878 intereas
1057 2809 1157 2876 fuisse
1179 2810 1246 2876 320

52 2919 54 2926 ’
191 2918 348 3002 Graecas,
370 2935 442 2981 cum
464 2914 601 2997 singulis
623 2914 764 2980 numeris
786 2915 951 3001 convenit,
977 2921 1052 2982 sunt
1073 2915 1159 2982 enim
1181 2915 1246 2983 890

190 3019 382 3085 barbaricae
404 3016 523 3082 01310
545 3016 689 3081 Graecae
710 3036 820 3083 naves.

256 3122 328 3188 Iam
365 3130 535 3206 postquam
567 3120 747 3206 expositum
777 3126 826 3187 cst
863 3120 1021 3208 Graecos,
1051 3122 1162 3190 nuntio
1193 3143 1246 3190 ao·

192 3231 283 3311 cepto
305 3225 424 3290 Persas
447 3223 720 3310 appropinquare,
751 3223 918 3291 consilium
940 3224 1080 3311 cepisse,
1109 3228 1246 3295 navibus

192 3328 236 3395 ad
268 3327 475 3396 Artemisium
507 3328 757 3414 promontorium
787 3326 926 3394 dimissis
957 3327 1246 3416 Thermopylarum

191 3435 302 3503 fauces
314 3433 455 3501 exercitu
466 3434 608 3520 pedestri
622 3433 803 3522 defendere,
826 3435 967 3520 sequitur
980 3434 1089 3522 (Diod.
1104 3455 1131 3502 c.
1141 3435 1172 3522 4,
1181 3438 1247 3503 3-

190 3543 278 3609 011.
300 3542 377 3607 Ηο1.
387 3541 459 3626 VH,
478 3539 666 3628 261-233)
688 3545 840 3607 accurata
862 3538 1034 3624 descriptio
1051 3558 1181 3625 pugnae
1203 3538 1247 3605 ad

189 3648 424 3735 Thermopylas
445 3646 566 3735 factae,
600 3666 696 3731 qnam
725 3646 872 3713 similiter
901 3651 1122 3732 comparatam
1148 3645 1246 3712 ctiam

190 3754 278 3842 apud
298 3753 457 3821 Iustinum
486 3773 555 3839 cap.
580 3753 618 3817 11
643 3758 675 3818 01
696 3752 903 3818 Plutarchum
925 3751 999 3818 mal.
1021 3752 1096 3817 Her.
1118 3770 1188 3837 cap.
1203 3753 1246 3818 32

189 3860 346 3928 invenies.
400 3858 506 3943 Atque
528 3859 575 3924 ita
596 3856 644 3923 illi
668 3857 795 3941 quidem
816 3856 877 3925 hoc
899 3865 1060 3924 certamen
1082 3857 1123 3924 ab
1146 3858 1247 3925 omni-

187 3968 250 4043 ¹hus
273 3964 412 4034 omnium
431 3973 610 4050 temporum
639 3962 847 4048 scriptoribus
868 3963 1001 4030 summis
1023 3960 1173 4029 laudibus
1195 3983 1246 4029 ce·

187 4073 348 4141 lehratum
372 4075 522 4155 narrant,
544 4075 579 4134 nt
600 4068 634 4133 in
655 4067 840 4135 universnm
852 4088 961 4135 omnes
973 4073 1162 4154 congruant,
1182 4067 1247 4136 sin.-

189 4180 274 4266 gnlis
297 4182 404 4244 autem
426 4176 469 4242 ab
490 4173 653 4242 Herodoto
675 4173 790 4258 reliqui
816 4174 863 4240 ita
896 4173 1088 4240 dissentiant
1108 4178 1144 4239 ut
1171 4173 1248 4241 Dic.-

189 4284 311 4370 dorum,
333 4281 501 4366 Iustinum,
522 4279 729 4346 Plutarchum
751 4277 938 4367 (malHer.)
962 4295 1161 4346 communem
1174 4278 1248 4346 illos

947 4383 971 4449 2
