2954 4772
699 252 741 317 56

193 425 367 510 gressiorrls
390 445 472 509 quae
495 423 537 490 ab
560 424 688 510 Ephoro
721 423 760 490 de
783 422 1007 490 Themistoclis
1030 419 1247 506 reipublicae

193 529 355 612 gerendae
378 529 502 596 ratione
526 528 585 595 hoe
608 529 678 594 loco
701 534 771 594 crat
793 528 930 608 inserta3
964 526 1015 591 cni
1039 534 1124 590 recte
1148 545 1168 588 a
1188 542 1247 588 no-

195 633 243 699 bis
276 633 440 699 Plutarchi
474 635 582 718 capita
612 635 669 700 illa
699 653 770 700 esse
803 633 966 719 adscripta
988 631 1125 715 singulis
1149 631 1246 694 etiarn

171 761 174 768 ·
194 739 322 822 probari
346 746 458 824 potest.
487 722 592 804 'Nam'
607 737 693 824 quod
715 738 809 822 dicit,
833 759 858 802 c.
875 739 922 803 19.
937 737 1026 825 (ull
1040 755 1105 818 seq.
1116 755 1147 818 p.
1159 731 1248 816 238),

195 843 337 908 fabulam
384 843 424 909 de
444 844 499 909 lite
523 844 666 910 Palladis
688 850 721 910 et
742 843 883 929 Neptuni
913 864 933 906 a
963 839 1123 907 ueteribus
1152 837 1249 901 Athe·

195 948 352 1014 niensium
376 949 508 1034 regibus
531 967 601 1016 esse
623 949 858 1034 excogitatam,
887 968 948 1031 qrro
971 945 1076 1029 magis
1097 942 1249 1030 populum

195 1053 319 1118 amari
353 1055 524 1119 retinerent
557 1063 589 1120 et
621 1054 664 1120 ad
694 1075 791 1138 agros
822 1052 972 1119 colendos
1006 1055 1248 1123 commoverent,¹

196 1157 314 1242 optime
338 1157 476 1242 quadrat
498 1159 542 1224 ad
564 1159 683 1245 Ephori
707 1179 809 1243 genus
838 1155 1016 1239 scribendi,
1053 1175 1146 1238 quern
1177 1173 1250 1218 con-

141 1275 143 1278 ·
196 1268 260 1326 stat
289 1262 322 1327 in
356 1264 538 1328 universum
560 1263 708 1347 neglecta
730 1262 972 1346 antiquissimae
994 1259 1151 1326 Graeciae
1184 1277 1248 1322 me-

195 1366 297 1432 moria
326 1367 508 1434 tabularum
536 1369 676 1454 caligine
703 1369 809 1434 ubivis
840 1375 952 1453 operta
982 1366 1032 1440 ab¹
1053 1385 1094 1430 ea
1124 1364 1251 1429 demum

196 1478 302 1538 aetate
325 1472 478 1539 historiae
500 1494 578 1540 suae
611 1474 736 1539 initium
763 1471 945 1558 ponendum
978 1490 1049 1536 esse
1081 1469 1251 1551 censuisse,

196 1593 279 1658 quae
301 1575 433 1643 clariore
455 1578 520 1642 iam
543 1577 613 1644 lnce
635 1577 827 1644 circumfusa
859 1575 974 1644 certius
1007 1574 1190 1640 admitteret
1218 1579 1252 1637 et

196 1679 302 1744 verius
325 1679 482 1749 derebus
510 1683 610 1766 gestis
638 1682 806 1767 indicium,
846 1681 900 1748 ubi
933 1700 1009 1746 vero
1042 1680 1150 1744 faeere
1189 1685 1252 1744 non

198 1791 307 1869 posset
329 1787 405 1870 quin
428 1787 471 1853 ad
493 1788 636 1873 mythice
657 1787 882 1872 adscenderet,
911 1807 975 1853 non
1004 1785 1039 1851 in
1061 1805 1099 1850 eo
1122 1781 1250 1866 acquie-

197 1889 300 1973 visse,
323 1900 358 1956 ut
378 1892 481 1959 relata
502 1891 650 1978 referret,
679 1891 737 1960 sed
771 1891 924 1958 abstersis
960 1911 1042 1975 quae
1074 1889 1164 1972 vulgi
1186 1907 1252 1953 cre-

198 1994 325 2060 dulitati
348 1996 398 2062 vel
421 2005 587 2083 poetarum
609 1997 757 2064 ludibriis
779 1996 889 2063 deberi
905 1995 1100 2078 viderentur,
1122 1993 1250 2078 mythos

198 2095 357 2164 studuisse
378 2099 421 2164 ad
445 2100 596 2167 historiae
611 2102 779 2167 veritatem
802 2120 963 2186 revocare,
986 2101 1047 2183 vel,
1071 2106 1106 2164 ut
1127 2097 1254 2163 Plutar-

199 2201 277 2268 chus
299 2202 391 2270 dicit:
421 2206 502 2288 πρὸς
524 2207 581 2290 rqv
610 2203 776 2290 ἀλήθειαν
806 2203 986 2281 ἅνασιόζειν
997 2205 1031 2289 ¹).
1087 2204 1145 2288 At,
1169 2199 1255 2286 quod

199 2327 269 2391 cap.
291 2309 344 2376 42.
365 2309 491 2377 Siculus
514 2317 641 2396 narrat,
663 2311 918 2395 Themistoclem,
941 2329 1013 2376 cum
1035 2329 1099 2375 non
1122 2308 1255 2375 auderet

199 2412 233 2478 ia
255 2413 383 2496 publico
405 2415 573 2482 consilium
594 2436 686 2482 suurn
717 2415 758 2481 de
779 2414 960 2500 muniendis
991 2415 1135 2500 portibus
1163 2411 1256 2498 profi*-

199 2516 276 2602 teri‚
309 2517 430 2586 dixisse
462 2520 496 2586 irr
525 2521 690 2606 contione,
722 2520 841 2587 habere
870 2539 907 2586 se
941 2539 1025 2604 quae
1058 2518 1254 2606 reipublicae

200 2621 442 2690 Atheniensium
465 2645 661 2711 magnopere
690 2624 820 2691 utilitati
853 2624 974 2708 forent,
1007 2623 1065 2690 sed
1095 2622 1276 2706 divulgari·

201 2744 265 2792 non
286 2723 433 2812 possent,
460 2730 584 2796 duobus
606 2735 714 2796 autem
736 2729 814 2796 viris
837 2751 858 2795 a
880 2729 998 2815 populo
1020 2727 1200 2812 designatis
1222 2747 1257 2794 se

200 2837 300 2896 totum
323 2833 486 2915 negotium
510 2835 748 2901 commissurum
771 2840 804 2901 et
825 2854 908 2918 qnae
931 2837 1120 2917 sequuntur,
1141 2852 1162 2896 a
1184 2831 1257 2896 Plu·

202 2933 312 3000 tarcbo
335 2955 465 3021 prorsus
487 2938 583 3004 aliter
604 2945 814 3024 exponuntur.
865 2937 946 3003 Inde
975 2956 1051 3004 vero
1080 2955 1099 3001 s
1121 2932 1258 3002 diversis

201 3038 343 3109 lontibus
365 3061 421 3107 eos
443 3042 589 3110 hausisse
619 3042 728 3128 colligi
751 3043 871 3127 nequit.
925 3042 1007 3108 Nam
1031 3039 1081 3106 uti
1098 3038 1259 3106 Diodorus

202 3143 286 3210 hanc
308 3165 375 3210 rem
398 3145 568 3231 descripsit
590 3147 736 3233 Ephorus
768 3166 840 3212 eam
863 3144 1070 3231 descripsisse
1104 3164 1169 3208 non
1190 3147 1259 3229 pot-

202 3254 259 3314 est
301 3250 353 3317 An
375 3258 408 3316 tu
423 3249 515 3318 vides
526 3271 582 3318 cnr
593 3251 832 3336 Themistocles,
854 3250 1005 3334 quinnnc
1025 3248 1130 3334 ipsum
1140 3247 1260 3334 Sparta

202 3373 348 3421 reversus
378 3373 502 3421 summa
523 3357 713 3424 auctoritate
736 3356 870 3422 Athenis
901 3354 1043 3438 ferebat,
1073 3352 1127 3436 qui
1150 3351 1260 3438 paullo

202 3465 278 3525 ante
300 3459 573 3528 Lacedaemonios
603 3462 783 3546 sagacitate
811 3481 871 3527 sua
900 3459 1087 3545 deceperat,
1118 3457 1260 3541 urbeque

203 3560 301 3626 muris
323 3561 520 3630 circumdata
543 3565 589 3630 eis
611 3563 754 3632 dixerat:
783 3563 1000 3651 „permunitas
1022 3582 1093 3628 esse
1116 3561 1261 3627 Athenas

204 3673 236 3730 et
256 3685 351 3752 posse
373 3666 437 3732 iam
459 3668 583 3736 illatum
606 3669 725 3736 bellum
747 3689 811 3736 non
834 3668 936 3735 armis·
953 3667 1067 3750 solum,
1090 3665 1262 3732 sedetiam

204 3770 303 3836 muris
332 3771 517 3857 sustinere“,
549 3793 604 3839 cur
633 3773 688 3839 ille
721 3773 826 3841 subito
860 3793 898 3840 eo
931 3769 1261 3837 Lacedaemoniorum
1325 3813 1326 3818 ι

204 3872 316 3940 timore
338 3874 502 3959 perculsus
524 3875 582 3960 sit,
605 3882 639 3944 ut
662 3883 742 3963 opus
766 3875 905 3943 sedecim
935 3872 1030 3940 annis
1054 3878 1131 3940 ante
1152 3872 1263 3958 incep-

210 4017 477 4026 -.-.-·---—-——-
484 4021 492 4025 .

279 4103 305 4173 l)
323 4102 373 4158 cfr.
393 4104 422 4160 C.
441 4104 551 4169 Mullsr,
570 4105 589 4160 i.
609 4106 689 4164 h..G.
711 4107 731 4171 l,
750 4125 777 4177 p.
788 4105 874 4163 uxtl.
917 4102 1049 4160 Odolred.
1070 4103 1181 4168 Mulier,
1201 4119 1263 4172 pro·

207 4194 260 4263 leg.
280 4194 309 4252 in
330 4195 485 4264 mytholog.
505 4199 533 4265 p}
552 4198 594 4251 76.
633 4198 769 4268 Nipperd.
789 4197 806 4251 l.
829 4197 846 4253 l.
866 4195 931 4270 pag'.
951 4193 1037 4251 XXV.
