2954 4772
743 321 785 400 it

237 505 364 595 quidem
385 505 507 575 iontem
527 504 695 591 habuisse,
721 503 843 573 nullum
870 525 946 574 vero
968 493 1167 573 Herodotum
1187 500 1294 586 ipsum

238 611 409 696 evolvisse,
453 609 620 678 enucleate
658 615 824 696 appareat.
900 611 948 677 Ac
988 609 1126 697 primum
1164 604 1293 691 quidem

238 715 324 804 quod
345 715 506 783 Diodorus
527 715 558 800 4,
581 715 611 781 3.
633 713 780 800 exhibet,
814 714 992 782 Leonidam
1023 732 1095 779 curn
1117 709 1293 776 adfantes

238 817 464 888 custodiendas
486 839 558 886 cum
580 836 678 884 manu
700 817 825 885 delecta
847 819 1101 905 proficisceretur
1123 817 1228 882 minus
1252 813 1294 879 de

238 924 387 994 arcendis
407 923 514 992 Persis
537 943 634 1009 quam
656 924 696 990 de
719 929 820 990 morte
841 944 898 1010 pro
921 923 1046 1010 patriae
1066 921 1216 988 libertate
1237 921 1294 987 ob·

238 1031 346 1100 eunda
366 1030 544 1117 cogitasse,
565 1029 653 1116 apud
674 1030 872 1097 Herodotum
900 1049 965 1097 non
986 1029 1119 1115 legitur,
1148 1045 1221 1094 cum
1241 1025 1294 1094 Iuss

237 1137 340 1206 stinus
362 1135 405 1222 11,
428 1137 479 1222 11,
502 1137 532 1202 9.
571 1135 735 1221 scripserit
765 1155 842 1221 „rex
871 1134 1033 1202 Leonidas
1064 1134 1112 1201 ita
1134 1153 1221 1219 suos
1242 1133 1294 1199 iir-

238 1245 398 1328 maverat,
421 1245 457 1306 ut
469 1240 516 1306 ire
538 1258 573 1306 se
603 1246 717 1326 parato
741 1239 784 1306 ad
806 1239 1004 1307 moriendum
1026 1239 1133 1306 animo
1155 1234 1294 1305 scirent‘

239 1351 272 1414 et
290 1351 405 1433 postea
433 1345 533 1432 „nihil
554 1352 624 1413 crat
637 1344 768 1412 difficile
783 1346 976 1433 persuadere
1001 1344 1163 1432 persuasis
1184 1345 1294 1431 mori“,

239 1459 336 1536 atque
357 1449 547 1518 Plutarchus
568 1451 589 1517 l.
612 1449 633 1516 l.
656 1451 709 1535 38,
731 1451 766 1517 4:
795 1449 921 1534 Ἀγῶνα
948 1453 1009 1532 μὲν
1037 1449 1099 1535 γὰρ
1121 1448 1294 1534 ἐπιτάφιον

239 1555 327 1646 αυτῷ
363 1554 559 1644 η’γωνίσαντο
592 1559 655 1641 πρὸ
687 1559 740 1642 τῆς
775 1555 893 1634 ἐξόδου
923 1562 978 1619 ναι
1008 1557 1118 1620 τοῦτον
1152 1554 1290 1620 ἐθεῶντο

239 1663 372 1746 πατέρες
392 1659 503 1727 adunit*
531 1664 585 1724 καί
606 1662 750 1747 μητέρες·
784 1659 880 1736 αὐτὸς
911 1659 946 1724 δὲ
977 1658 1186 1736 ὁΛεωνίδας
1215 1659 1294 1746 πρὸς

238 1771 300 1852 μέν
321 1769 376 1832 τόν
397 1767 530 1833 είπόντα
553 1765 717 1842 παντελῶς
738 1765 866 1848 ὀλίγους
894 1763 1022 1847 ἐξάγειν
1045 1763 1144 1831 αὐτὸν
1164 1766 1219 1832 ἐπὶ
1240 1767 1295 1852 τὴν

239 1872 363 1960 μάχην,
388 1872 538 1949 Πολλούς
565 1876 626 1955 μὲν
648 1872 711 1958 ἔφη
732 1874 994 1958 τεθνηξομένους.

304 1979 415 2063 Neque
445 1978 548 2044 maior
576 1978 611 2043 in
634 1977 797 2044 afferendo
830 1996 961 2044 numero
994 1997 1102 2043 eorum
1135 1975 1187 2058 qui
1219 1994 1291 2040 curn

239 2081 384 2151 Leonida
406 2082 535 2148 fuerant
556 2088 663 2149 exstat
683 2082 818 2148 Diodori
831 2087 862 2148 et
873 2081 1029 2148 Herodoti
1043 2081 1193 2164 affinitas,
1216 2080 1292 2163 quia

240 2191 295 2260 iile
318 2187 396 2255 dicit
418 2186 582 2275 (aecio)
596 2185 924 2254 Lacedaemoniorum
946 2187 1047 2253 fuisse
1071 2187 1155 2252 1000
1175 2191 1294 2253 cetero·

240 2315 310 2362 rum
333 2294 529 2361 Graecorum
551 2293 646 2378 3000,
670 2293 844 2360 accessisse
866 2292 910 2358 ad
931 2292 989 2359 hos
1011 2293 1184 2359 Locrorum
1201 2293 1294 2377 1000,

240 2398 757 2483 Meliorum1000,Phoceorum
787 2419 850 2464 nou
873 2397 972 2464 multo
1001 2397 1155 2464 minorem
1187 2419 1296 2465 nume·

240 2525 327 2590 rum,
366 2502 593 2570 Thebanorum
624 2502 691 2568 400
727 2503 774 2568 ita
808 2507 843 2568 ut
875 2521 1000 2568 summa
1032 2522 1141 2568 eorum
1183 2502 1297 2570 fuisset

241 2611 337 2695 7400,
359 2607 512 2675 Herodoti
534 2607 661 2674 verosi
684 2608 877 2693 colliguntur
898 2607 1022 2673 numeri
1042 2627 1165 2674 summa
1188 2627 1295 2675 eorum

241 2717 328 2782 6400
350 2720 399 2781 est
420 2732 549 2800 prorsus
570 2713 663 2779 aliter
684 2713 869 2800 composita.
918 2713 1059 2780 Iustinus
1086 2719 1198 2779 contra
1224 2734 1296 2780 cum

241 2818 385 2886 Diodoro
421 2816 516 2902 facit,
550 2815 636 2901 quod
668 2816 746 2883 dicit
780 2817 830 2901 11,
853 2818 883 2882 2.
949 2838 1045 2902 „nam
1081 2837 1152 2883 cum
1181 2817 1295 2885 Leoni-

242 2919 318 3008 das,
341 2942 399 2988 rex
422 2921 654 3007 Spartanorum
676 2941 748 2987 cum
769 2927 904 3004 quatuor
924 2921 1054 2987 milibus
1081 2922 1216 2988 militum
1239 2944 1295 2989 an·

242 3027 366 3114 gestias
380 3027 670 3113 ¹Thermopylarum
692 3033 881 3112 occupasset
889 3027 917 3110 “,
947 3025 1056 3113 (Diod.
1078 3027 1110 3115 4,
1132 3027 1170 3095 5:
1192 3025 1210 3093 d
1236 3033 1297 3112 μὲν

240 3131 302 3198 ὀὖν
338 3132 509 3208 Λεωνίδας
548 3135 627 3215 μετά
671 3130 926 3218 τετρακισχιλίων
964 3135 1103 3216 προῆγεν
1142 3134 1197 3198 ent
1240 3137 1297 3210 τάς

244 3237 470 3325 Θερμοπύλας)
504 3243 536 3304 et
564 3239 629 3304 alia
658 3237 832 3305 communis
862 3256 933 3302 curn
959 3257 997 3304 eo
1026 3236 1124 3320 fontis
1157 3240 1297 3324 vestigia

240 3364 320 3433 prae
341 3364 376 3410 se
398 3342 472 3428 fert,
496 3343 643 3410 conferas
664 3343 759 3409 modo
780 3342 875 3408 Diod.
897 3342 928 3428 5,
950 3344 989 3428 3,
1029 3341 1106 3406 ὥστε
1127 3342 1209 3422 ἔχειν
1238 3341 1294 3406 ad·

241 3451 296 3514 τὸν
318 3449 469 3536 (Ξέρξην)
498 3451 570 3522 τους
602 3445 791 3529 σύμπαντας
823 3445 882 3510 οὐκ
910 3446 1061 3523 ἐλάττους
1087 3449 1151 3509 τῶν
1180 3444 1294 3511 ἑκατὸν

240 3551 409 3638 μυριάδων
430 3555 524 3634 χωρίς
546 3553 598 3636 τῆς
621 3554 768 3634 ναυτικῆς
799 3550 980 3638 δυνάμεως,
1010 3557 1042 3619 et
1062 3549 1165 3616 lustin
1185 3551 1294 3636 10,18

242 3661 327 3747 „iam
357 3659 482 3725 Xerxes
510 3657 715 3744 septingenta
737 3656 826 3723 milia
856 3655 896 3723 de
924 3677 1025 3741 reguo
1055 3661 1237 3724 armaverat
1265 3663 1297 3724 et

240 3763 383 3833 ¹trecenta
404 3762 494 3828 milia
517 3761 557 3829 de
579 3763 743 3849 auxiliis“,
766 3761 883 3828 deinde
905 3763 1000 3830 Diod.
1022 3763 1052 3849 5,
1065 3764 1101 3829 3:
1132 3767 1214 3847 φασὶ
1233 3764 1296 3848 γάρ

240 3869 310 3943 τούς
331 3865 472 3941 αέναους
493 3868 657 3950 ποταμούς
674 3867 729 3932 διά
743 3866 799 3952 τὴν
813 3870 867 3933 τοῦ
884 3866 1034 3951 πλήθους
1049 3869 1216 3948 συνέχειαν
1229 3868 1297 3933 ίπι·

242 3970 357 4055 tenera,
379 3975 412 4036 et
432 3971 587 4038 Iustinum
606 3973 714 4058 10,19
737 3979 791 4058 „ut
811 3986 877 4039 uon
899 3971 1056 4039 immerito
1072 3971 1234 4058 proditum
1247 3971 1298 4057 sit,

239 4076 374 4142 flumina
386 4079 428 4141 ab
442 4079 584 4144 exercitu
600 4078 668 4144 eius
684 4079 835 4164 siccata“,
857 4083 889 4144 et
903 4079 953 4163 10,
965 4077 1017 4142 25.
1040 4096 1195 4162 „quarum
1206 4083 1297 4144 tanta

237 4180 337 4267 copia
365 4181 400 4246 in
429 4200 529 4265 regnu
560 4183 629 4249 eius
658 4181 733 4268 init,
765 4188 800 4247 ut
830 4202 902 4247 curn
931 4180 1064 4247 flumina
1094 4181 1298 4248 multitudiue

241 4287 520 4352 consumerentur“
542 4305 609 4370 seq.
651 4305 733 4370 quae
755 4285 863 4351 omnia
889 4306 954 4353 non
987 4285 1092 4370 magis
1114 4285 1299 4360 Herodotea
