2954 4772
689 318 745 390 42?

189 495 254 560 tem
281 493 431 565 Arsacen
464 497 624 584 quendam
646 498 808 585 captivum
829 496 920 564 testis
942 497 1000 564 cs't.
1052 493 1146 577 Quod
1167 493 1245 580 quin

189 603 251 669 soli
279 604 414 672 Diodori
443 606 662 692 negligentiae
690 605 895 672 tribuendum
926 606 984 691 sit,
1017 604 1150 671 dubium
1178 621 1244 668 non

193 712 250 788 cst,
273 710 349 794 quia
371 714 453 780 alias
476 714 518 780 ad
540 714 673 780 verbum
696 733 801 800 paene
823 711 871 779 illi
893 711 1103 800 consentiunt,
1125 715 1160 776 ut
1181 706 1245 774 nisi

192 813 232 879 de
244 818 401 886 communi
414 839 522 887 eorum
537 821 626 888 fonte
640 821 784 906 cogitare
798 841 863 886 uon
873 820 978 885 liceat.
1015 817 1134 885 (lunser
1147 812 1243 880 modo

192 924 326 992 Diodon‘
348 931 449 996 verba
472 930 538 1016 (19,
562 930 614 1018 6):
640 929 857 1014 Θεμιστοκλῆς
882 975 894 1026 ·.
915 975 922 993 .
946 980 954 997 .
978 927 1142 993 ἀπέστειλε
1164 924 1245 1009 πρὸς

191 1031 246 1094 ιδν
277 1033 402 1120 Ξέρξην
435 1035 618 1122 δηλώσοντα
661 1037 743 1101 διότι
786 1034 959 1120 μέλλουσιν
999 1033 1035 1099 οἱ
1063 1031 1245 1118 Ἕλληνες

193 1136 435 1215 πλεύσαντες
469 1141 536 1205 snt
570 1144 610 1205 ιδ
643 1139 783 1224 ζεῦγμα
818 1141 1020 1228 λέειντην
1048 1143 1243 1224 γέφοραν.

192 1242 342 1330 διόπερ
365 1244 382 1310 ὃ
404 1246 599 1328 βασιλεύς
723 1232 950 1332 περλφοβος
970 1247 1136 1327 ἐγένετο
1159 1291 1167 1309 .
1193 1295 1200 1310 .
1225 1287 1244 1318 ·,

191 1347 272 1428 ἔγνω
296 1350 339 1415 δὲ
360 1352 430 1438 τὴν
450 1356 647 1438 ταχίστην
669 1353 909 1435 διαβαλνειν
942 1355 985 1418 ra
1016 1356 1082 1439 τῆς
1109 1350 1245 1437 Elicui-

192 1478 267 1542 πης
288 1457 347 1532 εἰς
367 1459 436 1544 την
455 1462 590 1522 Ασίαν
626 1480 697 1526 cum
718 1460 881 1526 Plutarchi
917 1461 960 1547 (v.
990 1460 1101 1528 Them.
1123 1457 1245 1547 exn)

191 1553 380 1644 πέμπει...
404 1563 538 1649 φράζειν
557 1564 685 1646 βασιλεῖ
705 1564 867 1643 κελεύσας,
902 1564 948 1629 ὅτι
971 1575 1061 1640 τοϊς
1082 1567 1157 1646 μὲν
1172 1561 1243 1627 Ἕλ-

192 1664 284 1752 λησι
306 1667 503 1734 δέδονται
608 1671 814 1736 άναπλελν
835 1672 896 1746 εἰς
918 1668 1244 1756 τδνἘλλήσπον-

191 1795 257 1837 τον
278 1774 345 1840 unt
366 1776 407 1840 τό
436 1773 580 1860 ζεῦγμα
614 1781 684 1840 καὶ
705 1776 825 1842 λύειν
845 1777 909 1862 την
930 1778 1118 1862 γέφυραν
1142 1825 1149 1841 .
1174 1825 1181 1840 .

190 1876 325 1943 ιαύθ’δ
356 1880 522 1965 βάρβαρος
553 1879 693 1956 οἰιούσας
726 1885 780 1944 καὶ
808 1881 1034 1964 γενόμενος
1067 1881 1245 1966 περίφο-

191 1985 262 2064 βος
283 1983 356 2048 διά
380 1985 537 2066 τάχους
559 1986 745 2058 έποιεττο
767 1987 836 2072 την
858 1985 1135 2072 άναχάρησιν,
1160 1991 1192 2052 ct
1214 2007 1244 2051 v.

190 2087 287 2154 Arist.
309 2109 336 2154 c.
358 2089 408 2155 IX
430 2095 462 2156 et
483 2092 530 2156 X:
553 2092 673 2173 πέμπει
690 2089 851 2177 ’Λρνάιιην
873 2142 881 2160 .
904 2141 912 2157 .
938 2143 944 2156 .
968 2091 1092 2175 φράσαι
1119 2092 1162 2177 τῷ
1182 2091 1246 2170 βα-

192 2191 274 2256 σιλεῐ
304 2193 455 2270 κελεύσας
488 2194 550 2259 δτι
579 2194 697 2260 πλεῐν
728 2197 797 2261 έπλ
825 2199 896 2272 τὰς
928 2201 1112 2283 γεφύρας
1142 2193 1246 2280 ὥρμη-

191 2299 307 2380 μένοος
338 2298 410 2375 τούς
435 2298 589 2386 Ἕλληνας
611 2351 618 2366 .
642 2351 649 2369 .
674 2347 714 2368 ..
749 2302 790 2366 ia
820 2303 967 2368 τούτου
998 2303 1152 2388 Ξέρξης
1172 2301 1261 2382 μέν,

192 2406 420 2489 περίφοβος
440 2401 671 2488 γενόμενος
692 2405 818 2482 εὐθὺς
840 2407 908 2471 ἐπὶ
928 2404 1247 2492 τδνἜλλησπον-

191 2530 261 2573 τον
282 2507 480 2596 ἠπείγετο.
551 2513 636 2580 Nam
669 2515 754 2598 quud
782 2513 943 2581 Diodorus
972 2513 1065 2599 dicit,
1096 2510 1246 2598 quadrin-

191 2621 291 2702 genta
311 2616 401 2685 milia
423 2618 560 2685 militum
590 2639 662 2684 cum
691 2618 859 2687 Mandonio
892 2639 963 2687 esse
995 2620 1139 2704 relictos,
1172 2619 1246 2684 Plu·

192 2722 322 2794 archus
345 2728 452 2790 autem
484 2723 581 2792 Arist.
605 2745 632 2792 ο.
657 2727 714 2792 1οι
747 2725 941 2810 Μαρδόνιος
966 2776 973 2791 .
998 2771 1007 2789 .
1029 2770 1037 2789 .
1060 2725 1142 2806 ἔχων
1174 2724 1249 2808 περὶ

190 2829 416 2911 τριάκοντα
438 2828 601 2914 μυριάδας
621 2828 821 2918 tusleium,
855 2853 919 2899 non
949 2831 1148 2899 diversorum
1178 2828 1248 2896 fon·

190 2936 270 3004 tium
292 2935 351 3002 sed
366 2935 501 3004 Diodori
523 2943 580 3003 aut
601 2938 803 3006 librariorum
825 2938 1046 3024 negligentiae
1068 2958 1149 3024 esse,
1170 2936 1247 3005 inde

191 3046 327 3126 apparet
348 3039 432 3124 quod
454 3041 614 3108 Diodorus
646 3043 717 3128 ipse
750 3041 874 3110 dehac
906 3062 941 3109 re
974 3063 1081 3110 secum
1114 3048 1248 3129 pugnat.
1310 3103 1313 3112 .

192 3146 273 3214 (ium
296 3145 380 3212 enim
402 3146 554 3214 hocloco
585 3147 690 3215 dicat:
723 3147 740 3212 t
776 3147 904 3232 σύμπας
934 3146 1078 3232 άριθμδς
1109 3144 1249 3234 ύπῆρχεν

193 3248 251 3319 νύν
272 3249 412 3314 ἐλάττων
432 3253 495 3316 τῶν
516 3253 747 3337 τετταράκοντα
768 3252 951 3338 μυριάδων,
975 3252 1114 3338 θλ28,4.
1137 3257 1248 3319 auctor

190 3358 248 3443 sit,
271 3357 446 3425 accessisse
468 3357 510 3424 ad
531 3341 621 3425 illuns
643 3380 809 3426 numerum
831 3358 866 3422 έιι
888 3356 1086 3444 ιηςΘράιιης
1101 3361 1156 3420 καὶ
1172 3361 1248 3420 Μα-

192 3461 338 3538 κεδονίας
360 3467 414 3526 καὶ
436 3468 499 3528 τῶν
521 3462 630 3529 ἄλλων
650 3468 713 3529 τιύν
736 3465 944 3548 συμμαχίδων
972 3463 1099 3554 πύλεων
1120 3462 1249 3537 πλεέοος

191 3572 255 3634 τῶν
276 3572 403 3635 εἴκοσι
425 3571 583 3654 μοριάδ
591 3593 662 3647 ων,
692 3579 802 3639 tamen
830 3571 896 3660 (30,
919 3571 954 3659 2)
977 3568 1136 3637 Mardonii
1158 3588 1247 3635 exer-

192 3677 290 3744 citum
311 3677 345 3743 in
368 3697 479 3763 pugna
500 3679 685 3745 Plataeensi
707 3680 952 3764 quingentorum
974 3676 1096 3743 milium
1111 3675 1248 3741 militum

193 3771 248 3870 (ἦν
269 3781 306 3845 δὲ
328 3779 345 3845 δ
368 3781 497 3865 σύμπας
518 3781 746 3868 desipientiae
767 3787 827 3868 μὲν
842 3781 1003 3869 Ἑλλήνιον
1024 3781 1069 3856 εἰς
1091 3779 1172 3845 δέκα
1184 3801 1248 3865 μο-

192 3885 309 3974 ριάδας
330 3888 394 3950 τιύν
416 3886 452 3951 δὲ
467 3886 646 3973 βαρβάρων
657 3889 703 3964 εἰς
723 3888 987 3975 πεντήκοντα)
997 3886 1097 3954 fuisse
1111 3885 1247 3973 scripsit.

259 3991 406 4073 Quantus
426 3992 526 4078 igitur
547 4000 651 4061 exstet
679 3994 764 4061 inter
784 3992 991 4060 Plutarchum
1020 3997 1053 4058 et
1072 3990 1249 4058 Diodorum

194 4118 368 4167 consensus
396 4097 551 4186 vidimus,
584 4098 766 4167 Herodotus
795 4105 901 4166 autem
923 4097 1032 4186 paullo
1062 4097 1156 4163 aliter
1183 4117 1250 4163 rem

190 4203 336 4272 evenisse
354 4209 473 4270 narrat
516 4202 672 4272 Audimus
689 4204 774 4270 enim
786 4203 888 4284 (VIII,
902 4203 978 4290 108)
1000 4200 1247 4291 Themistoclem

181 4308 217 4376 in
247 4307 380 4376 consilio
413 4307 529 4377 ducum
557 4309 733 4398 censuisse,
763 4315 894 4398 pontem
927 4327 1021 4398 quem
1048 4307 1168 4378 Persae
1200 4305 1235 4372 in
