2954 4772
704 283 745 347 51

197 465 304 523 sutem
328 464 458 532 narrat,
481 457 634 541 reliquos·
661 458 802 541 legatos,
837 465 1006 542 postquam
1029 460 1179 545 Spartam
1203 479 1255 525 ve·

198 563 338 646 nissent,
358 561 411 627 ¹ibi
439 560 599 628 mansisse
623 568 748 627 etcum
770 560 986 629 Themistocle
1010 561 1136 630 demum
1158 563 1256 629 Athe-

197 687 258 733 nas
280 687 351 733 esse
373 667 531 733 remissos.
581 667 689 751 Nepos
726 671 837 732 contra
866 667 913 733 ita
945 687 1011 733 rem
1039 668 1200 735 intellexit
1221 676 1256 735 ut

198 772 301 857 dicat,
322 770 583 856 Themistoclem,
607 777 780 855 antequam
801 771 1129 840 Lacedaemoniorum
1151 775 1254 856 magi-

198 885 315 944 stratus
337 877 457 962 adiret,
481 876 624 960 collegas
647 875 775 942 domum
798 877 976 963 remisisse,
1008 883 1041 944 et
1061 898 1120 965 per
1142 898 1197 946 eos
1219 884 1254 945 ut

198 983 522 1049 Lacedaemoniorum
553 983 678 1065 legatos
709 980 889 1048 detinerent
921 984 1116 1068 postulasse3
1158 989 1254 1068 atquo

198 1071 281 1154 idem
304 1089 338 1153 in
360 1087 475 1176 Iustini
497 1086 588 1152 fonte
619 1086 781 1154 exstitisse
810 1086 886 1152 inde
908 1094 1057 1174 apparet,
1088 1089 1173 1174 quod
1195 1096 1254 1156 La-

198 1193 422 1260 cedaemonios
436 1189 682 1257 Themistoclem
704 1191 807 1256 solum
828 1190 956 1258 domum
987 1192 1183 1260 remittentes
1206 1194 1254 1259 ta-

198 1298 258 1380 cit,
292 1297 348 1363 cfr.
385 1297 485 1362 verba
514 1296 600 1362 eius:
635 1295 701 1379 „sic
730 1294 893 1380 dimissus,
931 1297 1031 1364 veluti
1051 1296 1255 1383 triumphatis
1342 1367 1344 1385 ξ

198 1403 384 1488 Spartanis,
406 1423 427 1466 a
448 1401 573 1467 civibus
595 1400 780 1486 excipitur.“
824 1400 957 1467 Maioris
984 1402 1082 1468 etism
1103 1403 1256 1472 momenti

197 1503 264 1590 est,
285 1504 370 1589 quod
392 1505 493 1570 oratio
517 1524 613 1588 quam
635 1501 743 1594 Nepos
766 1503 1012 1571 Themistoclem
1044 1504 1132 1590 apud
1155 1511 1252 1573 Lace·

199 1611 385 1677 ‹laemonios
412 1610 492 1675 fucit
522 1609 692 1675 habentem
721 1630 743 1675 a
765 1608 907 1675 Diodoro
936 1629 1000 1675 non
1029 1629 1255 1677 commemora·

199 1722 266 1800 tur,
289 1735 362 1780 cum
383 1712 597 1799 Thucydides
618 1719 725 1778 autem
748 1711 789 1798 (e.
812 1714 869 1798 91)
903 1712 1012 1796 aliquo
1041 1712 1137 1778 modo
1167 1719 1199 1778 et
1221 1713 1256 1778 in

200 1819 382 1884 universum
403 1816 461 1882 illa
483 1815 612 1901 quidem
633 1816 794 1900 congruit,
824 1815 962 1900 singulis
983 1835 1059 1882 vero
1082 1816 1127 1882 ita
1150 1816 1192 1881 ab
1215 1835 1255 1882 ea

199 1923 333 2007 recedit,
364 1929 398 1988 ut
420 1921 621 2006 Thucydidis
651 1921 790 2004 vestigia
820 1922 929 2006 Nepos
959 1920 1046 1987 nullo
1078 1919 1174 1986 modo
1205 1941 1254 1987 se-

199 2035 290 2095 cuins
312 2048 382 2094 esse
404 2027 514 2114 possit.
558 2027 641 2094 Nam
663 2026 748 2111 quod
770 2032 881 2092 narrat
890 2071 903 2110 ,-
921 2024 1168 2094 Themistoclem
1193 2029 1252 2092 [ιιι

200 2133 416 2201 cedaemoniis
438 2132 562 2198 crimini
584 2133 735 2216 vertisse,
767 2131 852 2214 quod
884 2131 1025 2217 ipsorum
1047 2131 1149 2196 solum
1171 2129 1256 2198 salu·

136 2281 138 2300 t
199 2247 262 2304 tem
295 2244 328 2303 et
355 2242 544 2322 potestatem
575 2241 757 2321 spectantes
792 2233 869 2317 quid
900 2234 1069 2300 universae
1098 2234 1255 2301 Graeciae

200 2345 277 2410 utile
299 2349 384 2410 esset
405 2363 535 2429 prorsus
562 2341 780 2425 negligerent,
816 2346 848 2405 et
879 2339 1034 2405 minatum
1070 2359 1157 2425 esse,
1192 2341 1255 2406 nisi

199 2448 304 2533 ipsum
336 2446 528 2512 incolumem
557 2444 766 2529 dimitterent,
799 2463 854 2510 eos
877 2462 1040 2526 nunquam
1068 2443 1193 2526 legates
1223 2444 1257 2508 in

199 2552 338 2638 patriam
361 2571 431 2618 esse
454 2558 654 2636 recepturos,
677 2569 780 2633 neque
802 2545 1257 2635 apudThucydidem‘legun-

199 2665 266 2743 tur,
288 2676 392 2741 neque
414 2656 545 2723 omnino
564 2656 599 2720 in
622 2655 691 2722 eius
714 2653 899 2719 narratione
920 2653 1026 2718 locum
1044 2650 1164 2719 habere
1185 2673 1256 2738 pos-

200 2770 283 2830 sunt
304 2761 360 2848 (cf.
382 2759 568 2848 Nipperdey
589 2760 609 2826 l.
632 2759 653 2823 l.
674 2780 751 2844 pag.
773 2759 830 2844 26)
888 2757 1007 2822 Contra
1037 2757 1065 2822 si
1098 2776 1171 2823 cum
1195 2759 1257 2823 Ne-

199 2875 274 2954 pote
297 2866 550 2952 comparaveris,
580 2885 663 2948 quae
685 2864 826 2929 lustinus
851 2863 901 2947 15,
920 2862 1028 2928 9-12
1050 2861 1257 2928 Themistocli

199 2971 327 3038 tribuit:
351 2969 567 3055 „permunitss
583 2968 727 3035 Athenas
750 2984 849 3050 esse,.
865 3014 873 3030 .
889 2965 935 3030 ,εἰ
952 2963 1028 3048 quid
1040 2964 1082 3030 ob
1095 2985 1167 3031 eam
1190 2986 1256 3030 rem

201 3074 242 3142 de
263 3096 299 3142 se
320 3073 480 3141 crudelius
502 3078 695 3148 statuerent,
724 3071 850 3153 legatos
872 3089 980 3135 eorum
1002 3069 1035 3134 in
1058 3068 1118 3136 hoc
1140 3070 1258 3156 pignus

201 3181 337 3247 Athenis
358 3186 508 3246 retentos.
552 3177 702 3244 Graviter
723 3174 840 3242 deinde
855 3174 995 3257 castigat
1006 3193 1071 3259 cos,
1094 3173 1180 3258 quod
1193 3195 1258 3240 non

201 3287 317 3351 virtute
339 3283 397 3351 sed
418 3283 637 3349 imbecillitate
660 3282 816 3348 sociorum
839 3279 1014 3364 potentiam
1039 3282 1258 3367 quaererent“,

201 3391 278 3476 quin
301 3411 319 3457 e
341 3389 500 3457 communi
532 3387 620 3454 fonte
649 3387 696 3452 illi
728 3385 893 3451 hauserint
923 3383 1054 3450 dubium
1093 3403 1164 3449 esse
1193 3404 1256 3450 non

200 3503 314 3583 potest
357 3495 502 3582 Apparet
523 3493 621 3578 igitur
641 3491 827 3572 Diodorum,
848 3486 1068 3571 Plutarchum,
1090 3487 1258 3570 Iustinum,

200 3605 358 3689 Nepotem
380 3600 523 3683 aliquam
546 3597 700 3684 praebere
713 3615 784 3661 cum
799 3591 991 3677 Thucydide
1008 3590 1258 3676 similitudinem,

201 3707 344 3772 sednon
374 3725 464 3788 eam,
497 3709 532 3768 ut
566 3701 655 3766 illum
689 3719 746 3784 pro
769 3697 857 3764 toute
886 3694 1038 3780 primario
1072 3695 1258 3777 cuiusquam

200 3831 309 3878 eorum
333 3809 452 3876 habere
472 3809 639 3893 possimus.
693 3802 819 3871 Deinde
849 3821 932 3885 quse
954 3797 1115 3866 Diodorus
1137 3805 1169 3864 et
1186 3799 1259 3864 Plu·

201 3915 329 3981 tarchus
351 3921 485 3980 narrant
505 3913 632 3977 diversa
654 3909 793 3976 suntab
817 3907 864 3972 eis
886 3925 969 3988 quae
984 3905 1091 3988 Nepos
1115 3913 1147 3968 et
1165 3903 1258 3968 Iusti-

201 4040 261 4086 nus
282 4020 496 4105 protulerunt,
520 4029 607 4083 certa
631 4024 737 4081 autern
762 4012 880 4078 adsunt
901 4005 1090 4094 argumenta
1113 4009 1258 4074 eurDio-

202 4122 270 4188 dori
293 4122 485 4188 narrationis
509 4122 677 4203 Ephesiam
709 4118 829 4183 fontem
863 4113 1048 4198 primarium
1079 4111 1178 4177 tuisse
1200 4132 1258 4196 pu·

201 4235 317 4311 temus3
350 4227 467 4293 scimus
487 4225 622 4309 denique
660 4225 693 4288 in
716 4222 898 4286 universum
918 4217 1075 4282 lustinum
1106 4215 1158 4282 vel
1181 4217 1259 4289 Tro·

916 4340 969 4402 4}
