2954 4772
714 313 757 380 55

211 484 388 553 mistoclem
409 488 552 573 venisse,
574 485 726 566 Aristidis
749 485 870 552 nomini
899 483 1005 550 addit:
1033 481 1054 546 d
1077 479 1268 562 Λυσιμάχου

211 587 270 652 oda
293 592 339 654 (ὃν
362 591 464 677 φίλος.
510 595 579 661 Ηοο
601 613 678 660 uero
700 603 834 678 prorsus
853 589 1057 657 abundanter
1078 588 1120 653 ab
1144 608 1183 654 eo
1212 586 1268 652 ad-

212 693 313 761 ditum
335 704 400 782 est,
422 699 498 781 quia
520 699 554 764 in
580 699 650 784 ipso
673 719 744 784 cap.
764 697 831 782 111,
853 694 952 764 alium
979 694 1026 761 ibi
1047 691 1175 776 quidem
1199 690 1267 758 son·

212 805 276 865 tem
299 809 445 886 seautuS,
474 802 559 869 idom
589 802 732 868 dixerat:
766 798 917 884 ὑφίστατο
939 799 995 872 τοὶς
1016 797 1098 877 πρὸς
1119 798 1191 869 τοὺς
1214 793 1267 858 du·

213 906 370 985 ναμένοος
391 956 399 972 .
423 957 429 971 .
455 905 635 987 ἀπεχθείας
656 903 797 988 μάλιστα
832 903 867 968 δὲ
887 900 1079 986 Ἀριστείδην
1103 902 1172 964 τὸν
1194 904 1268 963 Au·

213 1011 313 1088 md
325 1032 407 1088 κου.
462 1013 505 1076 At
527 1011 604 1078 item
625 1021 661 1077 ut
682 1010 872 1077 Plutarchus
895 1007 1076 1074 Herodotus
1097 1004 1268 1090 (vlitis)

211 1113 356 1180 scripsit:
389 1114 479 1199 ,διέβη
507 1114 696 1200 Ἀριστείδης
727 1115 745 1178 d
779 1111 970 1194 Λυσιμάχου
993 1165 999 1175 .
1026 1160 1032 1174 .
1058 1108 1269 1186 ,ἐξεκαλέετο
1395 1177 1397 1182 ,
1468 1089 1469 1094 ¹

214 1216 430 1298 Θεμιστοκλέα
519 1219 558 1282 od
581 1218 685 1303 φίλος.
731 1221 827 1303 Sane,
850 1218 908 1285 sed
930 1217 983 1304 hic
1004 1213 1132 1299 quidem
1161 1215 1269 1280 rectis·
1320 1279 1322 1282 .

212 1322 309 1407 sime,
332 1323 409 1406 quia
431 1323 566 1408 primurn
590 1325 756 1410 inpugna
779 1323 889 1390 navali
912 1320 1075 1388 narranda
1096 1317 1269 1384 Aristidem

212 1427 375 1510 nominat,
396 1435 493 1511 atque
514 1436 604 1495 certa
627 1437 658 1494 et
681 1428 835 1495 Herodoti
857 1435 891 1494 et
910 1424 1108 1512 Thucydidis
1136 1424 1189 1490 lex
1212 1430 1270 1507 est,

213 1536 248 1598 ut
261 1532 442 1616 ubicunque
459 1532 553 1600 homo
573 1535 626 1616 qui
646 1535 782 1600 alicuius
797 1535 949 1599 momenti
967 1539 1016 1597 est
1030 1530 1166 1617 primum
1187 1549 1270 1594 com-

215 1644 424 1721 memoratur,
446 1658 561 1704 nornen
585 1639 685 1724 patris
708 1637 846 1703 addatur
863 1643 921 1703 aut
941 1635 1049 1718 aliquo
1072 1633 1167 1700 modo
1188 1652 1271 1717 gens
1339 1723 1341 1728 Δ

213 1741 286 1806 eius
309 1740 488 1808 definiatur.
543 1742 633 1809 Idem
656 1743 755 1827 igitur
783 1743 868 1826 quod
896 1761 993 1827 supra
1015 1737 1185 1804 dicendum
1207 1745 1270 1804 est:

214 1845 405 1912 Plutarchus
426 1846 500 1913 ideo
522 1844 548 1910 d.
563 1850 755 1928 Λυσιμάχου
778 1846 959 1932 adscripsit,
980 1844 1056 1928 quia
1076 1843 1120 1909 ah
1142 1843 1270 1928 Ephoro

213 1948 411 2036 adscriptum
433 1957 518 2034 erat,
542 1949 594 2016 hic
615 1958 723 2017 autem
746 1951 846 2017 verba
867 1949 925 2014 illa
953 1947 1080 2014 addidit
1109 1947 1186 2030 quia
1207 1947 1270 2031 pri·

215 2075 300 2126 mum
324 2054 384 2121 hoc
407 2056 476 2121 loco
497 2054 648 2124 Aristidis
670 2056 864 2122 mentionem
887 2054 970 2120 lecit.
1022 2053 1136 2136 Itaque
1159 2070 1230 2117 eum
1253 2071 1271 2117 e

215 2159 322 2245 patria
344 2179 415 2226 esse
437 2159 605 2245 expulsum
627 2167 660 2225 et
681 2158 896 2225 Themistocle
909 2163 1037 2222 auctore
1053 2155 1189 2220 classem
1200 2173 1271 2220 esse

216 2263 420 2332 aedificatam
442 2269 540 2329 antea
563 2285 626 2330 non
657 2263 793 2349 rettulit,
826 2283 931 2348 neque
958 2271 1045 2344 'quae
1073 2281 1143 2344 cap.
1164 2259 1210 2336 lv
1241 2264 1272 2323 et

213 2371 307 2437 initio
330 2370 445 2454 capitis
468 2370 518 2435 ΙΙΙ
534 2371 723 2437 Plutarchus
738 2370 878 2455 protulit,
900 2387 941 2433 ex
953 2367 1082 2452 Ephoro
1094 2367 1272 2452 desumpta,

214 2475 272 2544 scd
295 2484 380 2541 recte
402 2497 423 2539 a
446 2476 539 2541 nohis
561 2475 768 2562 Theopompo
790 2476 912 2541 tributa
933 2481 1016 2538 sunt.
1059 2472 1200 2556 Tertium
1214 2480 1272 2556 cst,

215 2580 300 2666 quod
323 2580 484 2646 Diodorus
506 2601 576 2666 cap.
599 2581 809 2665 54,5-55,3
831 2589 1001 2667 postquam
1027 2578 1165 2661 rettulit,
1187 2575 1270 2643 The·

217 2687 395 2754 mistoolem
417 2687 563 2772 epatris
586 2707 657 2752 esse
679 2687 863 2772 expulsum,
894 2683 1041 2767 longiore
1072 2681 1272 2766 digressione

214 2792 292 2875 quid
313 2790 357 2857 sit
378 2790 598 2876 ostraoismus,
631 2811 694 2876 quo
720 2796 867 2876 tempore
894 2789 1030 2875 primum
1061 2787 1197 2852 Athenis
1230 2786 1273 2852 sit

214 2896 372 2973 sancitus,
406 2915 471 2978 qua
501 2895 574 2978 lege
601 2916 622 2960 a
652 2893 777 2961 civibus
807 2893 966 2960 exercitus
996 2893 1056 2971 sit,
1085 2896 1272 2979 prosecutus

214 3006 272 3066 est
316 2999 458 3065 Dubium
480 3005 588 3065 autem
610 3019 681 3066 esse
704 3000 827 3085 nequit,
850 2999 930 3083 quin
945 2999 1106 3065 Diodorus
1128 2996 1272 3063 hocloco

215 3104 394 3171 ostracismi
417 3103 662 3190 descriptionem
685 3106 775 3191 apud
797 3111 959 3171 auctorem
980 3102 1148 3187 invenerit,
1169 3120 1272 3184 neque

213 3208 319 3292 magis
342 3207 420 3292 quin
441 3205 516 3274 ideo
537 3207 599 3274 hoc
621 3209 692 3275 loco
715 3207 897 3274 accuratius
916 3209 959 3274 ab
979 3199 1109 3293 Ephoro
1131 3204 1273 3289 descrip-

213 3312 346 3397 tussit,
377 3312 453 3395 quia
474 3312 699 3379 Themistoclis
727 3312 932 3380 ostracismus
962 3312 1083 3398 primus
1106 3315 1191 3395 erat,
1220 3329 1273 3374 cu·

214 3419 265 3486 ius
287 3419 322 3484 in
344 3417 487 3484 historiis
516 3418 709 3484 mentionem
740 3417 870 3485 faceret.
925 3419 1041 3502 Liquet
1076 3415 1152 3482 inde
1185 3413 1271 3499 quod

214 3524 395 3611 posuimus,
428 3523 592 3608 Ephorum
622 3523 662 3590 de
690 3524 843 3591 Aristidis
870 3524 1057 3590 ostracismo
1087 3543 1151 3588 non
1175 3521 1273 3605 scrip-

213 3630 310 3714 sisse,
345 3629 403 3696 sed
424 3630 594 3695 Persarum
626 3627 720 3695 bella.
745 3651 766 3696 a
788 3630 907 3696 Xerxis
931 3629 1058 3694 demum
1086 3627 1200 3693 itinere
1223 3646 1272 3690 or-

213 3753 285 3798 sum
306 3733 504 3817 exposuisse.
548 3732 661 3816 ltaque
683 3732 859 3799 rectissime
882 3732 1032 3800 Erickius
1061 3731 1095 3816 (l.
1114 3730 1133 3794 l.
1157 3751 1187 3815 p.
1206 3729 1274 3814 30),

212 3837 312 3902 aliam
337 3836 392 3903 ille
414 3836 542 3922 quidem
566 3837 740 3922 quaerendi
760 3838 1033 3922 viamhrgressus,
1055 3835 1177 3921 posuit:
1200 3834 1272 3899 Plu-

214 3939 359 4004 tarchum
396 3940 431 4006 in
461 3940 622 4007 hamando
655 3941 806 4007 Aristidis
836 3941 1022 4007 ostracismo
1053 3943 1136 4024 (cap.
1159 3939 1220 4004 Vll
1243 3958 1273 4001 v.

213 4042 358 4130 Aristid.)
381 4065 447 4112 non
475 4045 640 4132 Ephorum
669 4044 727 4112 sed
749 4045 990 4133 Theopompum
1019 4051 1163 4111 secutum
1192 4062 1272 4110 esse.

280 4145 440 4220 Probasse
461 4148 561 4234 igitur
578 4148 657 4216 mihi
682 4147 804 4233 videor,
825 4148 960 4216 Diodori
973 4147 1132 4234 capitibus
1143 4147 1273 4217 39-43

213 4256 245 4317 et
266 4249 430 4317 Plutarchi
466 4272 492 4318 c.
517 4251 646 4318 19-20
675 4259 837 4324 servatam
871 4251 964 4318 nohis
987 4269 1057 4318 esse
1079 4258 1204 4336 partem
1226 4248 1273 4314 di-
