2954 4772
703 313 768 378 73·

196 484 349 550 mistoolis
378 487 481 554 vitam
503 486 694 572 perlegerit3
726 486 762 551 iu
792 505 856 569 qua
891 504 987 570 quam
1017 483 1099 552 falso
1129 492 1160 549 et
1182 504 1251 570 per·

195 609 300 670 verse,
315 591 468 675 pleraque
499 592 602 658 relata
631 592 714 676 siut,
748 591 864 668 afferre
891 609 1164 675 supervacaneum
1193 595 1252 672 est,

195 680 501 781 cumllipperdeius
535 696 615 762 haec
637 697 745 762 omnia
765 695 1005 778 accuratissime
1027 696 1162 762 collecta
1183 713 1252 758 ver·

195 799 245 865 his
278 799 430 867 editionis
461 821 539 867 snae
568 799 782 887 adscripserit.
838 801 971 886 Nepotis
1007 800 1106 885 igitur
1142 797 1250 864 verbis

194 904 275 970 nihil
295 905 432 972 efficitur
452 906 534 990 nisi,
571 927 644 974 enm
665 927 729 973 nou
751 904 960 990 Thucydide,
994 904 1053 972 sed
1075 904 1140 970 alio
1162 903 1249 969 fonte

126 1061 132 1066 .
194 1009 248 1092 qui
270 1010 392 1096 etipse
415 1009 455 1078 de
489 1009 583 1078 huius
598 1042 601 1048 ·
618 1010 814 1092 quaestionis
837 1005 1028 1076 difficultate
1051 1006 1249 1092 cogitaverit,

194 1133 287 1180 usum
308 1135 398 1200 esse,
421 1114 464 1180 ad
496 1136 598 1202 quem,
618 1135 694 1182 vero
717 1115 753 1180 id
775 1115 880 1199 magis
901 1115 1056 1201 pertinet,
1088 1133 1184 1197 quarn
1206 1109 1249 1176 ad

194 1219 366 1305 Ephorum,
389 1241 482 1305 quem
505 1221 623 1286 scimus
645 1225 678 1286 et
691 1221 773 1306 alios
796 1221 967 1306 scriptores
990 1225 1023 1308 et
1044 1224 1249 1284 monumenta

193 1329 226 1390 et
246 1324 470 1411 inscriptiones
497 1326 542 1394 ad
575 1325 742 1406 historiam
774 1323 977 1392 scribendam
1013 1323 1185 1391 contulisse
1217 1327 1250 1387 et

193 1431 422 1514 comparasse?

259 1533 407 1600 Ceterum
433 1533 514 1617 quid
545 1533 752 1618 iudicandum
784 1533 826 1598 sit
855 1533 895 1600 de
926 1532 1113 1616 quaestione
1142 1531 1247 1596 istae

192 1657 256 1722 qua
277 1637 441 1704 Plutarchi
468 1643 506 1724 et,
521 1638 664 1724 Nepotis
677 1638 860 1718 auctoribus
890 1645 938 1704 tot
968 1641 1143 1703 evenerunt
1166 1633 1247 1700 diffi-

192 1740 344 1826 cultates,
373 1740 414 1808 de
435 1762 498 1827 qua
520 1761 561 1807 ne
583 1741 700 1808 nostris
732 1740 861 1825 quidem
882 1739 1078 1826 temporibus
1099 1737 1249 1804 convenit

190 1845 273 1925 inter
293 1845 436 1912 homines
458 1844 578 1930 doctos,
601 1845 661 1912 hoc
684 1847 754 1912 loco
776 1841 1084 1930 longius‘exponam
1106 1863 1170 1908 non
1193 1861 1247 1907 ne·

191 1969 280 2016 cesse
302 1956 366 2034 est,
388 1957 557 2036 postquam
579 1950 723 2036 homines
746 1950 922 2017 doctissimi
943 1951 1097 2016 Ernestue
1120 1947 1248 2014 Curtius

190 2058 223 2117 et
246 2052 407 2119 arnoldus
422 2053 594 2140 sohafe11)
617 2053 663 2119 ita
679 2074 758 2120 ¹earn
780 2055 952 2137 solverunt,
973 2059 1008 2120 ut
1016 2050 1247 2118 Themistocles

190 2155 224 2234 in
245 2156 430 2241 interregno
452 2164 575 2244 septem
596 2157 768 2253 mensium,
798 2156 884 2241 qnod
912 2157 1143 2224 intercessisset
1165 2155 1247 2220 inter

189 2261 309 2327 Xerxis
330 2262 426 2327 finem
448 2269 480 2329 et
502 2262 691 2330 Artaxerxis
712 2263 855 2354 initium,
878 2264 961 2332 Susa
983 2263 1167 2350 pervenisse
1190 2281 1246 2347 pu-

188 2366 311 2458 tandus
326 2367 369 2433 sit
377 2365 413 2454 2).
740 2457 742 2460 Ι
765 2454 768 2462 y

252 2472 320 2562 ¹Sed
340 2471 405 2563 iam
427 2472 471 2537 ad
481 2472 688 2543 Plutarchum
705 2470 883 2558 redeamus,
905 2493 998 2556 quem
1020 2471 1095 2539 inde
1119 2493 1139 2536 a
1160 2493 1190 2536 v.
1205 2471 1245 2536 14

188 2596 264 2662 pag.
286 2577 352 2644 250
384 2577 428 2642 ad
455 2577 540 2642 alins
573 2577 701 2662 generis
723 2578 909 2664 scriptorem
931 2577 1115 2660 transiisse,
1144 2577 1245 2662 ipsius

187 2681 294 2766 verbis
331 2681 410 2747 satis
446 2680 585 2748 dilucide
626 2681 794 2750 indicatur.
848 2684 931 2749 Nam
970 2703 1054 2766 quae
1087 2680 1165 2746 dicit
1205 2677 1245 2744 od

186 2785 249 2866 γὰρ
278 2783 489 2866 πλανώμενος
522 2790 595 2868 περὶ
626 2777 682 2870 τὴν
700 2783 828 2867 Ἀσίαν,
860 2785 903 2860 ὥς
936 2795 1013 2870 ’φησι
1038 2783 1243 2864 Θεόπομπος,

187 2887 260 2952 ἀλλ’
280 2890 318 2952 ἐν
339 2893 516 2974 Μαγνησίᾳ
536 2893 597 2972 μὲν
619 2890 735 2965 οἰκῶν,
830 2940 837 2953 .
861 2935 870 2953 .
893 2939 901 2954 .
923 2890 978 2954 ἐπὶ
1000 2888 1104 2953 πολύν
1124 2889 1245 2970 χρόνον

186 2992 292 3068 α’δσῶς
314 2992 432 3079 διῆγεν,
455 2991 496 3057 οὐ
511 2992 600 3058 πάνυ
621 3018 650 3056 u
668 3004 734 3069 τοῖς
749 2991 944 3078 Ἑλληνικοῖς
966 2994 1131 3078 πράγμασι
1153 2997 1243 3074 βασι-

186 3098 267 3173 λέως
289 3102 498 3182 προσέχοντος
519 3121 548 3164 κ.
571 3122 596 3164 τ.
620 3097 649 3162 λ.
672 3099 812 3165 σσσυσίε
834 3118 917 3182 quae
938 3099 1135 3184 praecedunt
1155 3099 1242 3166 nullo

185 3203 414 3268 sententiarum
436 3224 528 3270 nexu
551 3187 741 3289 coniuncta,
776 3203 873 3269 immo
904 3205 952 3270 eis
981 3204 1130 3291 opposita
1159 3210 1242 3269 suut.

185 3307 326 3373 Primum
349 3308 433 3374 enim
452 3307 530 3392 quid
541 3308 604 3375 sihi
623 3309 691 3377 vult
703 3309 867 3376 Plutarchi
879 3308 977 3375 illud:
1000 3306 1040 3372 od
1060 3309 1132 3388 γὰρ
1156 3307 1240 3371 πλα-

186 3413 347 3493 νώμενσςῖ
377 3414 543 3480 cuiusnam
580 3414 627 3480 rei
664 3434 764 3480 caasa
802 3413 862 3480 hoc
900 3413 1070 3480 enunciato
1099 3412 1241 3480 aduecti-

184 3517 273 3582 turl.
317 3515 444 3582 Deinde
477 3537 539 3600 quo
570 3517 664 3584 modo
697 3517 887 3585 Plutarchus
918 3517 1024 3583 dicere
1054 3517 1175 3605 potuitz
1205 3512 1243 3580 od

258 3823 284 3892 1)
303 3822 469 3888 Curtius,
497 3822 525 3876 h.
550 3821 584 3878 G.
613 3821 654 3889 11,
682 3838 748 3893 pag.
767 3823 833 3890 730,
858 3825 902 3880 63.
946 3827 977 3880 A.
998 3825 1159 3890 schefer,
1183 3825 1201 3879 l.
1221 3827 1239 3880 l.

202 3928 221 3966 a
243 3951 249 3965 .
269 3913 295 3966 5.

183 3928 203 3981 p
222 3930 283 4072 g2)
303 4002 353 4057 cfr.
371 4001 536 4069 Piersou,
562 4002 581 4058 l.
601 4003 620 4057 l.
639 4021 705 4075 pag.
724 4005 768 4058 61.
788 4031 821 4042 —
859 4002 900 4060 De
919 4021 994 4058 anuo
1022 4003 1107 4076 fugae
1126 4005 1239 4059 abrilis

183 4090 356 4146 dissentiunt
374 4093 531 4164 Krllger,
558 4092 632 4148 stud.
658 4093 724 4148 hist.
752 4092 824 4164 phil.
842 4092 864 4159 l,
893 4111 958 4164 pag.
978 4094 1026 4158 31,
1047 4094 1239 4164 Hengsten·

181 4179 279 4248 berg,
298 4179 488 4250 christologia
497 4180 532 4246 11,
545 4198 609 4252 pag.
621 4181 704 4235 542-
711 4182 773 4249 560,
791 4199 862 4250 quos
872 4191 1037 4250 sequuntur,
1055 4182 1238 4247 Finclrius,

181 4265 199 4320 l.
220 4266 239 4319 l.
259 4283 324 4337 pag.
344 4268 392 4333 88,
411 4267 510 4334 Otto,
529 4268 548 4324 l.
562 4268 582 4322 l.
601 4285 667 4340 pag.
685 4268 729 4325 33.
