2954 4772
722 341 766 410 22

216 513 420 602 νεκτησαντος
454 517 565 593 νυκτὸς
600 513 817 603 ἐπιλαβούσης
855 512 1066 602 διελύθησαν,
1101 518 1134 582 et
1157 513 1209 600 13,
1239 513 1269 580 2.

216 623 386 709 γενομένης
409 622 445 687 δὲ
467 624 650 706 ναυμαχίας
671 622 803 706 λσχυρᾶς
824 620 944 687 πολλοὶ
966 626 1037 708 νῆες
1058 619 1134 706 παρ’
1157 618 1270 705 ἄμφο-

215 729 317 813 τέροιν
338 725 581 815 διεφθάρησαν,
604 733 659 793 καὶ
681 729 792 804 νυκτὸς
812 727 1038 814 ἐπιγενομένης
1059 724 1272 814 ἠναγκάσθη-

216 849 280 897 σαν
302 831 527 917 ἀνακάμπτειν
555 834 610 898 inl
642 835 713 910 τούς
743 833 879 908 ολιιελους
903 833 1042 918 λιμένας.
1106 833 1269 901 Herodoto

217 937 355 1024 denique
381 940 535 1007 scribenti
557 939 660 1026 (VIII,
684 940 739 1027 ll)
769 937 821 1003 Ἐν
844 939 937 1030 ταύτῃ
959 943 995 1031 τῇ
1019 941 1179 1029 ναυμαχίη
1203 938 1271 1003 Al-

215 1040 381 1122 χύπιιοι
408 1048 468 1127 μὲν
496 1049 560 1108 τῶν
588 1045 716 1127 Ξέρξεω
746 1052 956 1130 στρατιωτέων
987 1041 1182 1130 ἠρίστευσαν.
1214 1042 1271 1110 ad·

215 1153 362 1215 uersatur
383 1149 544 1217 Diodorus
575 1147 661 1236 quod
685 1149 735 1233 13,
758 1151 788 1215 2.
820 1150 930 1242 aliem,
964 1147 1148 1234 α’ρισιεϋσοι
1177 1147 1213 1212 δὲ
1235 1148 1272 1213 ἐν

216 1249 416 1336 ἀμφοτέραις
438 1264 507 1328 ταῖς
528 1254 722 1337 ναυμαχίαις
744 1256 825 1340 φασὶ
848 1303 855 1319 .
880 1298 890 1317 .
914 1302 921 1318 .
950 1253 1071 1340 ,παρὰ
1099 1263 1164 1329 τοῖς
1191 1256 1272 1338 βαρ-

214 1355 332 1440 βάροις
355 1356 594 1433 Σιδωνίους.

280 1463 331 1529 De
361 1463 412 1531 his
441 1464 588 1533 omnibus
621 1468 729 1530 autem
750 1463 943 1530 Plutarchus
975 1464 1010 1531 in
1038 1464 1106 1530 vita
1127 1462 1272 1529 Themis-

216 1567 308 1635 toclis
330 1589 436 1657 pauca
463 1570 607 1657 scripsit,
641 1569 731 1636 nulla
760 1569 826 1636 alia
859 1570 900 1636 de
923 1589 1040 1657 causa,
1072 1576 1108 1637 ut
1136 1569 1272 1658 ridetur,

216 1692 313 1757 quam
335 1675 413 1759 quia
432 1675 467 1741 in
487 1681 599 1742 neutro
630 1674 804 1741 conamine
836 1673 1045 1741 describendo
1077 1673 1145 1741 ulla
1167 1694 1202 1742 se
1225 1675 1271 1742 oi-

216 1776 342 1845 ferebat
363 1780 491 1847 occasio
513 1779 760 1847 Themistoclem
780 1778 930 1846 laudibus
958 1779 1130 1866 efferendi,
1162 1786 1271 1847 tamen

216 1905 258 1950 ex
280 1885 327 1952 eis
350 1905 432 1969 quae
454 1885 553 1952 habet
583 1886 663 1952 satis
684 1885 861 1952 luculenter
883 1889 1019 1973 apparet
1048 1907 1121 1954 eum
1142 1908 1207 1954 non
1228 1906 1270 1954 ex

217 1987 379 2057 Herodoto
403 1991 567 2078 hausisse,
588 1991 637 2058 uti
655 1991 789 2059 Wolfius
811 1996 913 2078 putat,
936 1991 994 2060 sed
1016 1993 1175 2060 communi
1198 2013 1270 2060 eum

215 2092 358 2162 Diodoro
381 2101 413 2162 et
434 2102 564 2164 anctore
585 2096 688 2164 libelli
711 2096 751 2164 de
773 2097 976 2182 malignitate
991 2097 1146 2166 Herodoti
1158 2099 1270 2185 scripti

213 2197 274 2264 niti
294 2200 393 2269 fonte.
611 2287 613 2292 ,

215 2309 219 2316 '
279 2306 421 2373 Primum
443 2307 528 2375 enim
557 2327 630 2376 cum
651 2307 778 2374 virtutis
805 2307 1061 2375 Themistocleae
1089 2308 1272 2395 exemplum

215 2409 331 2479 afferat
360 2412 447 2499 quod
467 2413 539 2500 ille,
562 2433 634 2480 cum
655 2413 868 2480 intellexisset
889 2432 908 2478 e
930 2411 1130 2479 dissensione
1153 2411 1269 2480 dueum

214 2536 367 2601 magnum
399 2519 523 2606 patriae
551 2517 736 2606 impendere
772 2518 966 2604 periculum,
999 2517 1180 2604 Eurybiadi
1208 2538 1269 2586 sua

213 2627 326 2707 sponte
356 2624 524 2711 imperium
547 2623 772 2710 concessisset,
801 2622 981 2690 Herodotus
1004 2623 1106 2711 (VIII,
1128 2625 1148 2690 2
1171 2630 1204 2692 et
1225 2624 1269 2714 3.)

214 2747 343 2813 prorsus
365 2729 460 2796 aliter
480 2730 600 2796 factum
621 2749 691 2797 esse
721 2729 869 2816 exponit,
898 2733 933 2795 ut
962 2728 1143 2814 Eurybiadi
1170 2729 1269 2817 impe·

213 2833 295 2919 rium
316 2835 413 2902 totius
437 2821 550 2902 elassis
571 2834 765 2921 traderetur,
798 2855 902 2919 neque
924 2832 1171 2902 Themistoclem
1201 2834 1267 2904 ullo

213 2939 312 3008 verbo
348 2947 582 3010 commemorat.
659 2938 784 3007 Deinde
816 2939 857 3028 (c.
879 2939 1045 3007 VIII—v.
1077 2940 1098 3007 5
1127 2963 1157 3028 p.
1180 2941 1269 3030 227.)

213 3045 327 3132 paneis
348 3045 588 3138 comprehendit
608 3046 816 3132 Plutarchus,
844 3065 928 3131 quae
950 3044 1083 3112 Graecis
1106 3045 1272 3112 evenerint

214 3150 422 3218 commodae
451 3173 561 3240 pugna
590 3152 634 3220 ad
654 3153 861 3221 Artemisium
888 3151 974 3218 facta
1004 3170 1198 3236 quamquam
1222 3151 1270 3218 in·

214 3264 300 3325 certo
321 3257 424 3326 Marte
447 3257 685 3345 dimicaverint,
718 3277 802 3343 quae
831 3278 927 3343 quam
956 3255 1021 3323 sint
1050 3275 1121 3323 eum
1150 3256 1272 3323 maiore

214 3362 353 3454 quodam
376 3364 530 3432 orationis
551 3366 637 3432 elatu
660 3363 748 3430 diota
766 3368 798 3429 et
820 3360 1016 3430 ornamentis
1032 3359 1200 3427 rhetoricis
1221 3381 1271 3427 or·

213 3474 292 3534 nata
313 3467 475 3553 legentem
496 3468 656 3535 neminem
678 3467 772 3553 fugit.
813 3465 867 3533 Ad
886 3483 1057 3550 quemnam
1077 3483 1154 3530 vero
1166 3463 1272 3549 magis

213 3570 271 3640 illa
293 3574 453 3660 pertinent
475 3594 571 3659 qnam
594 3572 637 3640 ad
659 3572 841 3660 Ephorum,
871 3569 1059 3658 praesertim
1090 3587 1162 3635 cnm
1189 3569 1272 3638 haec

214 3698 340 3766 quoque
374 3678 533 3746 similibus
562 3677 729 3747 sententiis
759 3699 777 3746 e
805 3676 948 3744 Diodoro
982 3680 1015 3742 et
1042 3674 1185 3742 Isocrate
1220 3675 1273 3742 de·

214 3785 349 3872 sumptis
375 3783 529 3852 illustrari
550 3784 712 3877 possint?
745 3782 901 3851 conferas
925 3803 956 3848 v.
978 3801 1010 3866 g.
1032 3781 1129 3849 Isocr.
1140 3779 1196 3868 IV,
1219 3781 1272 3869 75,

214 3889 255 3958 91
279 3894 311 3957 et
333 3889 464 3957 Diodor.
485 3890 527 3976 X,
550 3890 602 3976 32,
625 3889 646 3956 2
676 3895 708 3956 et
740 3890 833 3976 33,1
864 3893 897 3955 et
918 3887 949 3954 2.
1022 3887 1134 3972 Neque
1172 3887 1274 3972 negli-

214 3994 356 4081 gendum
377 3992 514 4079 denique
536 4000 600 4082 est,
624 3994 721 4080 ¹quod
749 3995 785 4060 in
813 3993 888 4060 mal.
911 3994 986 4059 Her.
1017 4012 1087 4080 cap.
1106 3993 1158 4060 34.
1186 3991 1272 4060 idem

212 4091 346 4166 Pindari
366 4116 478 4166 verus:
506 4097 566 4165 toa
595 4097 711 4176 πατδες
729 4095 923 4162 Ἀθαναλων
945 4095 1102 4178 λβαλοντο
1125 4097 1274 4184 φαεννὰν

214 4241 257 4256 -
278 4199 408 4293 apprdd‘
427 4201 612 4289 λλτυοιρλος
634 4201 677 4272 ad
709 4204 846 4271 eandem
867 4223 935 4270 rem
962 4201 1164 4290 probandam
1186 4201 1273 4290 (eve-

212 4307 298 4377 nisse
319 4307 452 4378 Graecis
472 4329 626 4397 magnam
646 4309 784 4398 gloriam
805 4328 823 4377 e
851 4307 970 4396 pugnis
1000 4305 1044 4376 ad
1067 4305 1273 4376 Artemisium
