<?xml version="1.0" encoding="UTF-8"?>
<!DOCTYPE html PUBLIC "-//W3C//DTD XHTML 1.0 Transitional//EN"
    "http://www.w3.org/TR/xhtml1/DTD/xhtml1-transitional.dtd">
<html xmlns="http://www.w3.org/1999/xhtml" xml:lang="en" lang="en">
 <head>
  <title>
</title>
<meta http-equiv="Content-Type" content="text/html;charset=utf-8" />
  <meta name='ocr-system' content='tesseract 3.04.00' />
  <meta name='ocr-capabilities' content='ocr_page ocr_carea ocr_par ocr_line ocrx_word'/>
</head>
<body>
  <div class='ocr_page' id='page_1' title='image "./dethemistoclisp00albrgoog_0064.png"; bbox 0 0 2954 4772; ppageno 0'>
   <div class='ocr_carea' id='block_1_1' title="bbox 722 311 765 419">
    <p class='ocr_par' dir='ltr' id='par_1_1' title="bbox 722 311 765 419">
     <span class='ocr_line' id='line_1_1' title="bbox 722 311 765 419; baseline 0 -43"><span class='ocrx_word' id='word_1_1' title='bbox 722 311 765 419; x_wconf 67' lang='grc'>59</span> 
     </span>
    </p>
   </div>
   <div class='ocr_carea' id='block_1_2' title="bbox 185 481 1306 4332">
    <p class='ocr_par' dir='ltr' id='par_1_2' title="bbox 185 481 1306 4332">
     <span class='ocr_line' id='line_1_2' title="bbox 219 481 1273 570; baseline -0.001 -23"><span class='ocrx_word' id='word_1_2' title='bbox 219 481 330 549; x_wconf 82' lang='lat' dir='ltr'>visse·</span> <span class='ocrx_word' id='word_1_3' title='bbox 379 484 619 570; x_wconf 83' lang='lat' dir='ltr'>EThucydide</span> <span class='ocrx_word' id='word_1_4' title='bbox 655 491 763 552; x_wconf 90' lang='lat' dir='ltr'>autam</span> <span class='ocrx_word' id='word_1_5' title='bbox 795 503 898 568; x_wconf 89' lang='lat' dir='ltr'>neque</span> <span class='ocrx_word' id='word_1_6' title='bbox 931 484 1092 550; x_wconf 89' lang='lat' dir='ltr'>Diodorus</span> <span class='ocrx_word' id='word_1_7' title='bbox 1114 503 1172 549; x_wconf 91' lang='lat' dir='ltr'>nec</span> <span class='ocrx_word' id='word_1_8' title='bbox 1200 481 1273 546; x_wconf 92' lang='lat' dir='ltr'>Plu·</span> 
     </span>
     <span class='ocr_line' id='line_1_3' title="bbox 218 588 1273 676; baseline -0.001 -24"><span class='ocrx_word' id='word_1_9' title='bbox 218 588 348 654; x_wconf 89' lang='lat' dir='ltr'>tarchus</span> <span class='ocrx_word' id='word_1_10' title='bbox 369 589 496 656; x_wconf 86' lang='lat' dir='ltr'>haurire</span> <span class='ocrx_word' id='word_1_11' title='bbox 518 596 703 676; x_wconf 89' lang='lat' dir='ltr'>potuerunt,</span> <span class='ocrx_word' id='word_1_12' title='bbox 738 588 833 673; x_wconf 85' lang='lat' dir='ltr'>quia,</span> <span class='ocrx_word' id='word_1_13' title='bbox 856 609 935 655; x_wconf 63' lang='lat' dir='ltr'>&#39;cum</span> <span class='ocrx_word' id='word_1_14' title='bbox 966 597 1096 672; x_wconf 85' lang='lat' dir='ltr'>uterque</span> <span class='ocrx_word' id='word_1_15' title='bbox 1126 588 1197 654; x_wconf 84' lang='lat' dir='ltr'>inse</span> <span class='ocrx_word' id='word_1_16' title='bbox 1218 607 1273 652; x_wconf 85' lang='lat' dir='ltr'>ex-</span> 
     </span>
     <span class='ocr_line' id='line_1_4' title="bbox 220 692 1273 778; baseline 0.001 -22"><span class='ocrx_word' id='word_1_17' title='bbox 220 698 319 774; x_wconf 92' lang='lat' dir='ltr'>ponat</span> <span class='ocrx_word' id='word_1_18' title='bbox 350 693 466 776; x_wconf 83' lang='lat' dir='ltr'>quibus</span> <span class='ocrx_word' id='word_1_19' title='bbox 495 694 602 760; x_wconf 87' lang='lat' dir='ltr'>causis</span> <span class='ocrx_word' id='word_1_20' title='bbox 624 692 774 760; x_wconf 87' lang='lat' dir='ltr'>commoti</span> <span class='ocrx_word' id='word_1_21' title='bbox 796 692 1025 778; x_wconf 78' lang='lat' dir='ltr'>Athenienses,</span> <span class='ocrx_word' id='word_1_22' title='bbox 1061 698 1273 777; x_wconf 88' lang='lat' dir='ltr'>quem-antea</span> 
     </span>
     <span class='ocr_line' id='line_1_5' title="bbox 220 795 1273 883; baseline -0.002 -21"><span class='ocrx_word' id='word_1_23' title='bbox 220 795 302 862; x_wconf 87' lang='lat' dir='ltr'>tanti</span> <span class='ocrx_word' id='word_1_24' title='bbox 322 797 546 865; x_wconf 76' lang='lat' dir='ltr'>aestimassent</span> <span class='ocrx_word' id='word_1_25' title='bbox 574 818 592 865; x_wconf 91' lang='lat' dir='ltr'>e</span> <span class='ocrx_word' id='word_1_26' title='bbox 625 798 731 883; x_wconf 89' lang='lat' dir='ltr'>patria</span> <span class='ocrx_word' id='word_1_27' title='bbox 753 798 962 882; x_wconf 85' lang='lat' dir='ltr'>removerint,</span> <span class='ocrx_word' id='word_1_28' title='bbox 996 795 1201 883; x_wconf 81' lang='lat' dir='ltr'>Thucydides</span> <span class='ocrx_word' id='word_1_29' title='bbox 1222 817 1273 861; x_wconf 88' lang='lat' dir='ltr'>uc·</span> 
     </span>
     <span class='ocr_line' id='line_1_6' title="bbox 220 898 1274 988; baseline -0.007 -24"><span class='ocrx_word' id='word_1_30' title='bbox 220 898 354 984; x_wconf 81' lang='lat' dir='ltr'>quiescit</span> <span class='ocrx_word' id='word_1_31' title='bbox 374 901 409 966; x_wconf 91' lang='lat' dir='ltr'>in</span> <span class='ocrx_word' id='word_1_32' title='bbox 432 901 567 968; x_wconf 91' lang='lat' dir='ltr'>dicendo</span> <span class='ocrx_word' id='word_1_33' title='bbox 589 901 631 988; x_wconf 85' lang='lat' dir='ltr'>(c.</span> <span class='ocrx_word' id='word_1_34' title='bbox 656 901 733 988; x_wconf 81' lang='lat'>135)</span> <span class='ocrx_word' id='word_1_35' title='bbox 755 901 840 981; x_wconf 74' lang='grc' dir='ltr'><em>ἔτυχε</em></span> <span class='ocrx_word' id='word_1_36' title='bbox 862 903 924 986; x_wconf 73' lang='grc' dir='ltr'>γὰρ</span> <span class='ocrx_word' id='word_1_37' title='bbox 947 899 1198 982; x_wconf 67' lang='grc' dir='ltr'><strong><em>ω’σιρακισμένος</em></strong></span> <span class='ocrx_word' id='word_1_38' title='bbox 1219 902 1274 964; x_wconf 75' lang='grc' dir='ltr'>και</span> 
     </span>
     <span class='ocr_line' id='line_1_7' title="bbox 220 1001 1273 1089; baseline 0.005 -25"><span class='ocrx_word' id='word_1_39' title='bbox 220 1001 302 1081; x_wconf 79' lang='grc' dir='ltr'><em>ἔχων</em></span> <span class='ocrx_word' id='word_1_40' title='bbox 323 1003 451 1068; x_wconf 78' lang='grc' dir='ltr'><strong><em>δίαιταν</em></strong></span> <span class='ocrx_word' id='word_1_41' title='bbox 472 1009 532 1085; x_wconf 73' lang='grc' dir='ltr'>μὲν</span> <span class='ocrx_word' id='word_1_42' title='bbox 553 1004 590 1068; x_wconf 81' lang='grc' dir='ltr'>ἐν</span> <span class='ocrx_word' id='word_1_43' title='bbox 606 1005 722 1087; x_wconf 74' lang='grc' dir='ltr'><strong><em>Ἄργει.</em></strong></span> <span class='ocrx_word' id='word_1_44' title='bbox 779 1003 845 1072; x_wconf 84' lang='lat' dir='ltr'>Sed</span> <span class='ocrx_word' id='word_1_45' title='bbox 866 1025 907 1070; x_wconf 90' lang='lat' dir='ltr'>ne</span> <span class='ocrx_word' id='word_1_46' title='bbox 936 1005 969 1072; x_wconf 92' lang='lat' dir='ltr'>in</span> <span class='ocrx_word' id='word_1_47' title='bbox 993 1026 1032 1072; x_wconf 88' lang='lat' dir='ltr'>ea</span> <span class='ocrx_word' id='word_1_48' title='bbox 1054 1004 1182 1089; x_wconf 89' lang='lat' dir='ltr'>quidem</span> <span class='ocrx_word' id='word_1_49' title='bbox 1202 1024 1273 1070; x_wconf 89' lang='lat' dir='ltr'>sen·</span> 
     </span>
     <span class='ocr_line' id='line_1_8' title="bbox 219 1107 1272 1198; baseline 0.003 -27"><span class='ocrx_word' id='word_1_50' title='bbox 219 1107 335 1193; x_wconf 85' lang='lat' dir='ltr'>tentia,</span> <span class='ocrx_word' id='word_1_51' title='bbox 358 1129 453 1193; x_wconf 86' lang='lat' dir='ltr'>quam</span> <span class='ocrx_word' id='word_1_52' title='bbox 476 1130 574 1196; x_wconf 90' lang='lat' dir='ltr'>supra</span> <span class='ocrx_word' id='word_1_53' title='bbox 596 1110 777 1198; x_wconf 84' lang='lat' dir='ltr'>posuimus,</span> <span class='ocrx_word' id='word_1_54' title='bbox 809 1109 1012 1176; x_wconf 80' lang='lat' dir='ltr'>Plutarchum</span> <span class='ocrx_word' id='word_1_55' title='bbox 1043 1116 1075 1176; x_wconf 91' lang='lat' dir='ltr'>et</span> <span class='ocrx_word' id='word_1_56' title='bbox 1097 1109 1272 1175; x_wconf 90' lang='lat' dir='ltr'>Diodorum</span> 
     </span>
     <span class='ocr_line' id='line_1_9' title="bbox 220 1212 1273 1298; baseline 0.004 -24"><span class='ocrx_word' id='word_1_57' title='bbox 220 1213 419 1279; x_wconf 89' lang='lat' dir='ltr'>ceommuni</span> <span class='ocrx_word' id='word_1_58' title='bbox 447 1214 535 1279; x_wconf 84' lang='lat' dir='ltr'>fonte</span> <span class='ocrx_word' id='word_1_59' title='bbox 565 1235 616 1280; x_wconf 90' lang='lat' dir='ltr'>res</span> <span class='ocrx_word' id='word_1_60' title='bbox 647 1234 729 1298; x_wconf 90' lang='lat' dir='ltr'>quae</span> <span class='ocrx_word' id='word_1_61' title='bbox 751 1214 795 1279; x_wconf 91' lang='lat' dir='ltr'>ad</span> <span class='ocrx_word' id='word_1_62' title='bbox 819 1213 983 1279; x_wconf 86' lang='lat' dir='ltr'>historiam</span> <span class='ocrx_word' id='word_1_63' title='bbox 1010 1213 1115 1298; x_wconf 89' lang='lat' dir='ltr'>ipsam</span> <span class='ocrx_word' id='word_1_64' title='bbox 1137 1212 1273 1298; x_wconf 83' lang='lat' dir='ltr'>pertine-</span> 
     </span>
     <span class='ocr_line' id='line_1_10' title="bbox 220 1315 1273 1402; baseline 0.002 -24"><span class='ocrx_word' id='word_1_65' title='bbox 220 1322 290 1380; x_wconf 88' lang='lat' dir='ltr'>rent</span> <span class='ocrx_word' id='word_1_66' title='bbox 320 1316 483 1402; x_wconf 87' lang='lat' dir='ltr'>hausisse,</span> <span class='ocrx_word' id='word_1_67' title='bbox 520 1318 692 1384; x_wconf 88' lang='lat' dir='ltr'>collatione</span> <span class='ocrx_word' id='word_1_68' title='bbox 722 1337 831 1383; x_wconf 88' lang='lat' dir='ltr'>eorum</span> <span class='ocrx_word' id='word_1_69' title='bbox 860 1316 1007 1384; x_wconf 90' lang='lat' dir='ltr'>instituta</span> <span class='ocrx_word' id='word_1_70' title='bbox 1041 1315 1160 1382; x_wconf 80' lang='lat' dir='ltr'>diutim</span> <span class='ocrx_word' id='word_1_71' title='bbox 1200 1335 1273 1382; x_wconf 90' lang='lat' dir='ltr'>con-</span> 
     </span>
     <span class='ocr_line' id='line_1_11' title="bbox 216 1419 1274 1506; baseline -0.001 -21"><span class='ocrx_word' id='word_1_72' title='bbox 216 1421 289 1486; x_wconf 89' lang='lat' dir='ltr'>sisti</span> <span class='ocrx_word' id='word_1_73' title='bbox 311 1441 406 1506; x_wconf 89' lang='lat' dir='ltr'>posse</span> <span class='ocrx_word' id='word_1_74' title='bbox 427 1421 562 1490; x_wconf 89' lang='lat' dir='ltr'>videtur.</span> <span class='ocrx_word' id='word_1_75' title='bbox 604 1423 796 1490; x_wconf 76' lang='lat' dir='ltr'>Plutarchus</span> <span class='ocrx_word' id='word_1_76' title='bbox 818 1421 904 1488; x_wconf 90' lang='lat' dir='ltr'>enim</span> <span class='ocrx_word' id='word_1_77' title='bbox 932 1427 1059 1502; x_wconf 89' lang='lat' dir='ltr'>narrat,</span> <span class='ocrx_word' id='word_1_78' title='bbox 1088 1440 1159 1486; x_wconf 91' lang='lat' dir='ltr'>com</span> <span class='ocrx_word' id='word_1_79' title='bbox 1173 1465 1175 1471; x_wconf 85' lang='lat'><em>.</em></span> <span class='ocrx_word' id='word_1_80' title='bbox 1191 1419 1274 1487; x_wconf 87' lang='lat' dir='ltr'>The-</span> 
     </span>
     <span class='ocr_line' id='line_1_12' title="bbox 220 1523 1273 1614; baseline 0.002 -27"><span class='ocrx_word' id='word_1_81' title='bbox 220 1523 364 1591; x_wconf 88' lang='lat' dir='ltr'>mistocle</span> <span class='ocrx_word' id='word_1_82' title='bbox 394 1527 491 1610; x_wconf 84' lang='lat' dir='ltr'>Argis</span> <span class='ocrx_word' id='word_1_83' title='bbox 522 1527 622 1592; x_wconf 89' lang='lat' dir='ltr'>vitam</span> <span class='ocrx_word' id='word_1_84' title='bbox 655 1526 793 1614; x_wconf 80' lang='lat' dir='ltr'>degente</span> <span class='ocrx_word' id='word_1_85' title='bbox 820 1525 1015 1591; x_wconf 86' lang='lat' dir='ltr'>Pausaniam</span> <span class='ocrx_word' id='word_1_86' title='bbox 1047 1523 1123 1609; x_wconf 88' lang='lat' dir='ltr'>quid</span> <span class='ocrx_word' id='word_1_87' title='bbox 1155 1523 1196 1590; x_wconf 91' lang='lat' dir='ltr'>de</span> <span class='ocrx_word' id='word_1_88' title='bbox 1218 1545 1273 1609; x_wconf 92' lang='lat' dir='ltr'>pa·</span> 
     </span>
     <span class='ocr_line' id='line_1_13' title="bbox 219 1629 1274 1720; baseline 0 -26"><span class='ocrx_word' id='word_1_89' title='bbox 219 1629 282 1694; x_wconf 90' lang='lat' dir='ltr'>tria</span> <span class='ocrx_word' id='word_1_90' title='bbox 303 1630 470 1716; x_wconf 88' lang='lat' dir='ltr'>prodenda</span> <span class='ocrx_word' id='word_1_91' title='bbox 499 1651 570 1698; x_wconf 90' lang='lat' dir='ltr'>eum</span> <span class='ocrx_word' id='word_1_92' title='bbox 600 1633 709 1700; x_wconf 81' lang='lat' dir='ltr'>Xerxe</span> <span class='ocrx_word' id='word_1_93' title='bbox 742 1631 862 1720; x_wconf 80' lang='lat' dir='ltr'>egisset</span> <span class='ocrx_word' id='word_1_94' title='bbox 892 1630 1141 1696; x_wconf 85' lang='lat' dir='ltr'>communicasse</span> <span class='ocrx_word' id='word_1_95' title='bbox 1171 1636 1203 1695; x_wconf 88' lang='lat' dir='ltr'>et</span> <span class='ocrx_word' id='word_1_96' title='bbox 1231 1630 1274 1694; x_wconf 89' lang='lat' dir='ltr'>ab</span> 
     </span>
     <span class='ocr_line' id='line_1_14' title="bbox 220 1734 1274 1823; baseline -0.001 -23"><span class='ocrx_word' id='word_1_97' title='bbox 220 1755 258 1800; x_wconf 89' lang='lat' dir='ltr'>eu</span> <span class='ocrx_word' id='word_1_98' title='bbox 282 1742 316 1800; x_wconf 91' lang='lat' dir='ltr'>ut</span> <span class='ocrx_word' id='word_1_99' title='bbox 338 1755 372 1801; x_wconf 93' lang='lat' dir='ltr'>se</span> <span class='ocrx_word' id='word_1_100' title='bbox 395 1735 565 1802; x_wconf 88' lang='lat' dir='ltr'>adiuvaret</span> <span class='ocrx_word' id='word_1_101' title='bbox 586 1736 755 1823; x_wconf 88' lang='lat' dir='ltr'>petivisse,</span> <span class='ocrx_word' id='word_1_102' title='bbox 776 1735 1023 1804; x_wconf 77' lang='lat' dir='ltr'>Themistoclem</span> <span class='ocrx_word' id='word_1_103' title='bbox 1045 1755 1120 1800; x_wconf 91' lang='lat' dir='ltr'>vero</span> <span class='ocrx_word' id='word_1_104' title='bbox 1148 1734 1274 1801; x_wconf 79' lang='lat' dir='ltr'>nefaria</span> 
     </span>
     <span class='ocr_line' id='line_1_15' title="bbox 218 1839 1276 1925; baseline 0.001 -21"><span class='ocrx_word' id='word_1_105' title='bbox 218 1839 282 1908; x_wconf 89' lang='lat' dir='ltr'>ista</span> <span class='ocrx_word' id='word_1_106' title='bbox 304 1840 447 1907; x_wconf 77' lang='lat' dir='ltr'>consilia</span> <span class='ocrx_word' id='word_1_107' title='bbox 460 1840 550 1906; x_wconf 91' lang='lat' dir='ltr'>illom</span> <span class='ocrx_word' id='word_1_108' title='bbox 573 1839 701 1923; x_wconf 87' lang='lat' dir='ltr'>quidem</span> <span class='ocrx_word' id='word_1_109' title='bbox 729 1839 894 1924; x_wconf 87' lang='lat' dir='ltr'>reiecisse,</span> <span class='ocrx_word' id='word_1_110' title='bbox 926 1839 986 1906; x_wconf 89' lang='lat' dir='ltr'>sed</span> <span class='ocrx_word' id='word_1_111' title='bbox 1014 1859 1086 1906; x_wconf 88' lang='lat' dir='ltr'>curo</span> <span class='ocrx_word' id='word_1_112' title='bbox 1115 1846 1276 1925; x_wconf 86' lang='lat' dir='ltr'>sperasset</span> 
     </span>
     <span class='ocr_line' id='line_1_16' title="bbox 219 1943 1274 2031; baseline 0.002 -23"><span class='ocrx_word' id='word_1_113' title='bbox 219 1945 416 2012; x_wconf 81' lang='lat' dir='ltr'>Pausaniam</span> <span class='ocrx_word' id='word_1_114' title='bbox 455 1951 487 2010; x_wconf 91' lang='lat' dir='ltr'>et</span> <span class='ocrx_word' id='word_1_115' title='bbox 521 1945 625 2031; x_wconf 90' lang='lat' dir='ltr'>ipsum</span> <span class='ocrx_word' id='word_1_116' title='bbox 662 1966 702 2011; x_wconf 92' lang='lat' dir='ltr'>ea</span> <span class='ocrx_word' id='word_1_117' title='bbox 745 1945 944 2013; x_wconf 86' lang='lat' dir='ltr'>abiecturum</span> <span class='ocrx_word' id='word_1_118' title='bbox 985 1964 1072 2030; x_wconf 88' lang='lat' dir='ltr'>esse,</span> <span class='ocrx_word' id='word_1_119' title='bbox 1114 1943 1274 2010; x_wconf 90' lang='lat' dir='ltr'>silentium</span> 
     </span>
     <span class='ocr_line' id='line_1_17' title="bbox 219 2048 1274 2136; baseline -0.006 -16"><span class='ocrx_word' id='word_1_120' title='bbox 219 2049 340 2133; x_wconf 80' lang='lat' dir='ltr'>egisse3</span> <span class='ocrx_word' id='word_1_121' title='bbox 362 2058 435 2136; x_wconf 89' lang='lat' dir='ltr'>post</span> <span class='ocrx_word' id='word_1_122' title='bbox 456 2049 639 2118; x_wconf 86' lang='lat' dir='ltr'>Pausaniae</span> <span class='ocrx_word' id='word_1_123' title='bbox 662 2055 794 2115; x_wconf 91' lang='lat' dir='ltr'>mortem</span> <span class='ocrx_word' id='word_1_124' title='bbox 818 2048 934 2116; x_wconf 90' lang='lat' dir='ltr'>deinde</span> <span class='ocrx_word' id='word_1_125' title='bbox 957 2049 1110 2134; x_wconf 89' lang='lat' dir='ltr'>epistolas</span> <span class='ocrx_word' id='word_1_126' title='bbox 1139 2069 1209 2115; x_wconf 89' lang='lat' dir='ltr'>esse</span> <span class='ocrx_word' id='word_1_127' title='bbox 1227 2049 1274 2114; x_wconf 93' lang='lat' dir='ltr'>in-</span> 
     </span>
     <span class='ocr_line' id='line_1_18' title="bbox 220 2153 1275 2240; baseline 0.002 -22"><span class='ocrx_word' id='word_1_128' title='bbox 220 2162 350 2240; x_wconf 82' lang='lat' dir='ltr'>ventas,</span> <span class='ocrx_word' id='word_1_129' title='bbox 383 2156 498 2240; x_wconf 91' lang='lat' dir='ltr'>quibus</span> <span class='ocrx_word' id='word_1_130' title='bbox 534 2155 596 2221; x_wconf 89' lang='lat' dir='ltr'>nisi</span> <span class='ocrx_word' id='word_1_131' title='bbox 624 2153 777 2240; x_wconf 86' lang='lat' dir='ltr'>Spartani</span> <span class='ocrx_word' id='word_1_132' title='bbox 807 2154 1055 2221; x_wconf 81' lang='lat' dir='ltr'>Themistoclem</span> <span class='ocrx_word' id='word_1_133' title='bbox 1087 2153 1275 2240; x_wconf 86' lang='lat' dir='ltr'>proditionis</span> 
     </span>
     <span class='ocr_line' id='line_1_19' title="bbox 219 2259 1274 2344; baseline 0 -20"><span class='ocrx_word' id='word_1_134' title='bbox 219 2266 434 2327; x_wconf 89' lang='lat' dir='ltr'>accusassent.</span> <span class='ocrx_word' id='word_1_135' title='bbox 499 2259 660 2325; x_wconf 89' lang='lat' dir='ltr'>Diodorus</span> <span class='ocrx_word' id='word_1_136' title='bbox 694 2265 805 2324; x_wconf 89' lang='lat' dir='ltr'>contra</span> <span class='ocrx_word' id='word_1_137' title='bbox 839 2265 1008 2344; x_wconf 88' lang='lat' dir='ltr'>postquam</span> <span class='ocrx_word' id='word_1_138' title='bbox 1031 2279 1058 2323; x_wconf 91' lang='lat' dir='ltr'>c.</span> <span class='ocrx_word' id='word_1_139' title='bbox 1078 2259 1121 2324; x_wconf 80' lang='lat'>45</span> <span class='ocrx_word' id='word_1_140' title='bbox 1154 2260 1274 2325; x_wconf 89' lang='lat' dir='ltr'>Pausa-</span> 
     </span>
     <span class='ocr_line' id='line_1_20' title="bbox 220 2363 1275 2450; baseline 0.001 -21"><span class='ocrx_word' id='word_1_141' title='bbox 220 2364 308 2430; x_wconf 86' lang='lat' dir='ltr'>niam</span> <span class='ocrx_word' id='word_1_142' title='bbox 329 2365 449 2431; x_wconf 87' lang='lat' dir='ltr'>seelere</span> <span class='ocrx_word' id='word_1_143' title='bbox 472 2364 679 2450; x_wconf 86' lang='lat' dir='ltr'>dignissimas</span> <span class='ocrx_word' id='word_1_144' title='bbox 700 2385 822 2450; x_wconf 91' lang='lat' dir='ltr'>poenas</span> <span class='ocrx_word' id='word_1_145' title='bbox 842 2364 982 2431; x_wconf 88' lang='lat' dir='ltr'>subiisse</span> <span class='ocrx_word' id='word_1_146' title='bbox 1005 2363 1153 2449; x_wconf 88' lang='lat' dir='ltr'>exposuit</span> <span class='ocrx_word' id='word_1_147' title='bbox 1174 2385 1201 2429; x_wconf 88' lang='lat' dir='ltr'>c.</span> <span class='ocrx_word' id='word_1_148' title='bbox 1223 2365 1275 2430; x_wconf 78' lang='lat'>55.</span> 
     </span>
     <span class='ocr_line' id='line_1_21' title="bbox 219 2466 1276 2553; baseline 0.002 -21"><span class='ocrx_word' id='word_1_149' title='bbox 219 2467 315 2552; x_wconf 92' lang='lat' dir='ltr'>dicit,</span> <span class='ocrx_word' id='word_1_150' title='bbox 347 2467 622 2534; x_wconf 88' lang='lat' dir='ltr'>Lacedaemonios</span> <span class='ocrx_word' id='word_1_151' title='bbox 650 2473 686 2533; x_wconf 92' lang='lat' dir='ltr'>ut</span> <span class='ocrx_word' id='word_1_152' title='bbox 713 2466 926 2534; x_wconf 86' lang='lat' dir='ltr'>Athenienses</span> <span class='ocrx_word' id='word_1_153' title='bbox 957 2467 1045 2553; x_wconf 89' lang='lat' dir='ltr'>paris</span> <span class='ocrx_word' id='word_1_154' title='bbox 1078 2467 1276 2552; x_wconf 83' lang='lat' dir='ltr'>ignominiae</span> 
     </span>
     <span class='ocr_line' id='line_1_22' title="bbox 220 2572 1275 2659; baseline 0.004 -23"><span class='ocrx_word' id='word_1_155' title='bbox 220 2578 296 2637; x_wconf 90' lang='lat' dir='ltr'>nota</span> <span class='ocrx_word' id='word_1_156' title='bbox 318 2573 501 2656; x_wconf 85' lang='lat' dir='ltr'>afficerent,</span> <span class='ocrx_word' id='word_1_157' title='bbox 534 2572 781 2640; x_wconf 88' lang='lat' dir='ltr'>Themistoclem</span> <span class='ocrx_word' id='word_1_158' title='bbox 809 2592 933 2638; x_wconf 87' lang='lat' dir='ltr'>summa</span> <span class='ocrx_word' id='word_1_159' title='bbox 970 2574 1158 2638; x_wconf 89' lang='lat' dir='ltr'>auctoritate</span> <span class='ocrx_word' id='word_1_160' title='bbox 1188 2573 1275 2659; x_wconf 89' lang='lat' dir='ltr'>apud</span> 
     </span>
     <span class='ocr_line' id='line_1_23' title="bbox 220 2675 1274 2762; baseline 0.001 -20"><span class='ocrx_word' id='word_1_161' title='bbox 220 2696 276 2742; x_wconf 91' lang='lat' dir='ltr'>eos</span> <span class='ocrx_word' id='word_1_162' title='bbox 297 2675 462 2742; x_wconf 87' lang='lat' dir='ltr'>florentem</span> <span class='ocrx_word' id='word_1_163' title='bbox 484 2678 659 2760; x_wconf 78' lang='lat' dir='ltr'>incursasse,</span> <span class='ocrx_word' id='word_1_164' title='bbox 681 2676 767 2760; x_wconf 89' lang='lat' dir='ltr'>quod</span> <span class='ocrx_word' id='word_1_165' title='bbox 790 2676 924 2742; x_wconf 91' lang='lat' dir='ltr'>consilia</span> <span class='ocrx_word' id='word_1_166' title='bbox 942 2676 982 2743; x_wconf 93' lang='lat' dir='ltr'>de</span> <span class='ocrx_word' id='word_1_167' title='bbox 995 2676 1162 2762; x_wconf 90' lang='lat' dir='ltr'>prodenda</span> <span class='ocrx_word' id='word_1_168' title='bbox 1172 2680 1274 2746; x_wconf 86' lang='lat' dir='ltr'>Xerxi</span> 
     </span>
     <span class='ocr_line' id='line_1_24' title="bbox 220 2774 1275 2867; baseline 0.003 -20"><span class='ocrx_word' id='word_1_169' title='bbox 220 2781 359 2848; x_wconf 75' lang='lat' dir='ltr'>Graecia</span> <span class='ocrx_word' id='word_1_170' title='bbox 391 2774 462 2848; x_wconf 86' lang='lat' dir='ltr'>eum</span> <span class='ocrx_word' id='word_1_171' title='bbox 483 2781 648 2848; x_wconf 87' lang='lat' dir='ltr'>Pausania</span> <span class='ocrx_word' id='word_1_172' title='bbox 678 2783 807 2848; x_wconf 85' lang='lat' dir='ltr'>molitas</span> <span class='ocrx_word' id='word_1_173' title='bbox 837 2788 940 2864; x_wconf 79' lang='lat' dir='ltr'>esset3</span> <span class='ocrx_word' id='word_1_174' title='bbox 970 2801 1010 2847; x_wconf 90' lang='lat' dir='ltr'>ac</span> <span class='ocrx_word' id='word_1_175' title='bbox 1038 2790 1114 2848; x_wconf 88' lang='lat' dir='ltr'>tunc</span> <span class='ocrx_word' id='word_1_176' title='bbox 1147 2784 1275 2867; x_wconf 85' lang='lat' dir='ltr'>quidem</span> 
     </span>
     <span class='ocr_line' id='line_1_25' title="bbox 220 2886 1306 2973; baseline 0.004 -22"><span class='ocrx_word' id='word_1_177' title='bbox 220 2887 466 2954; x_wconf 90' lang='lat' dir='ltr'>Themistoclem</span> <span class='ocrx_word' id='word_1_178' title='bbox 500 2887 587 2953; x_wconf 92' lang='lat' dir='ltr'>omni</span> <span class='ocrx_word' id='word_1_179' title='bbox 609 2887 706 2972; x_wconf 88' lang='lat' dir='ltr'>culpa</span> <span class='ocrx_word' id='word_1_180' title='bbox 728 2887 898 2952; x_wconf 88' lang='lat' dir='ltr'>liberatum</span> <span class='ocrx_word' id='word_1_181' title='bbox 929 2886 1089 2953; x_wconf 91' lang='lat' dir='ltr'>eindioio</span> <span class='ocrx_word' id='word_1_182' title='bbox 1118 2888 1275 2973; x_wconf 88' lang='lat' dir='ltr'>prodiisse</span> <span class='ocrx_word' id='word_1_183' title='bbox 1303 2927 1306 2933; x_wconf 90' lang='lat'>·</span> 
     </span>
     <span class='ocr_line' id='line_1_26' title="bbox 220 2990 1275 3077; baseline 0.004 -21"><span class='ocrx_word' id='word_1_184' title='bbox 220 2998 254 3056; x_wconf 86' lang='lat' dir='ltr'>et</span> <span class='ocrx_word' id='word_1_185' title='bbox 285 2991 406 3058; x_wconf 89' lang='lat' dir='ltr'>maiore</span> <span class='ocrx_word' id='word_1_186' title='bbox 438 2992 537 3058; x_wconf 89' lang='lat' dir='ltr'>etiam</span> <span class='ocrx_word' id='word_1_187' title='bbox 573 2992 724 3057; x_wconf 78' lang='lat' dir='ltr'>virtmum</span> <span class='ocrx_word' id='word_1_188' title='bbox 765 2990 936 3077; x_wconf 89' lang='lat' dir='ltr'>splendore</span> <span class='ocrx_word' id='word_1_189' title='bbox 965 2990 1101 3058; x_wconf 82' lang='lat' dir='ltr'>Athenis</span> <span class='ocrx_word' id='word_1_190' title='bbox 1137 2992 1275 3077; x_wconf 81' lang='lat' dir='ltr'>fulsisse,</span> 
     </span>
     <span class='ocr_line' id='line_1_27' title="bbox 220 3094 1276 3182; baseline 0.004 -21"><span class='ocrx_word' id='word_1_191' title='bbox 220 3104 334 3182; x_wconf 85' lang='lat' dir='ltr'>postea</span> <span class='ocrx_word' id='word_1_192' title='bbox 356 3116 431 3162; x_wconf 85' lang='lat' dir='ltr'>vero</span> <span class='ocrx_word' id='word_1_193' title='bbox 453 3115 525 3162; x_wconf 90' lang='lat' dir='ltr'>cum</span> <span class='ocrx_word' id='word_1_194' title='bbox 546 3095 693 3162; x_wconf 92' lang='lat' dir='ltr'>nonnulli</span> <span class='ocrx_word' id='word_1_195' title='bbox 715 3095 852 3178; x_wconf 82' lang='lat' dir='ltr'>gloriam</span> <span class='ocrx_word' id='word_1_196' title='bbox 874 3095 944 3162; x_wconf 89' lang='lat' dir='ltr'>eins</span> <span class='ocrx_word' id='word_1_197' title='bbox 965 3094 1090 3162; x_wconf 84' lang='lat' dir='ltr'>invidia</span> <span class='ocrx_word' id='word_1_198' title='bbox 1108 3117 1276 3182; x_wconf 83' lang='lat' dir='ltr'>perseque-</span> 
     </span>
     <span class='ocr_line' id='line_1_28' title="bbox 220 3200 1276 3284; baseline 0.002 -18"><span class='ocrx_word' id='word_1_199' title='bbox 220 3206 345 3282; x_wconf 86' lang='lat' dir='ltr'>rentur,</span> <span class='ocrx_word' id='word_1_200' title='bbox 377 3219 434 3284; x_wconf 93' lang='lat' dir='ltr'>per</span> <span class='ocrx_word' id='word_1_201' title='bbox 464 3200 685 3267; x_wconf 85' lang='lat' dir='ltr'>ostracismum</span> <span class='ocrx_word' id='word_1_202' title='bbox 708 3218 781 3265; x_wconf 90' lang='lat' dir='ltr'>eum</span> <span class='ocrx_word' id='word_1_203' title='bbox 808 3204 978 3282; x_wconf 88' lang='lat' dir='ltr'>remotum,</span> <span class='ocrx_word' id='word_1_204' title='bbox 1014 3207 1046 3264; x_wconf 86' lang='lat' dir='ltr'>et</span> <span class='ocrx_word' id='word_1_205' title='bbox 1074 3219 1148 3265; x_wconf 51' lang='lat' dir='ltr'>cnm¹</span> <span class='ocrx_word' id='word_1_206' title='bbox 1179 3203 1276 3284; x_wconf 80' lang='lat' dir='ltr'>Argis</span> 
     </span>
     <span class='ocr_line' id='line_1_29' title="bbox 185 3302 1275 3371; baseline 0.003 -3"><span class='ocrx_word' id='word_1_207' title='bbox 185 3319 191 3330; x_wconf 85' lang='lat'><strong>·</strong></span> <span class='ocrx_word' id='word_1_208' title='bbox 220 3310 402 3370; x_wconf 82' lang='lat' dir='ltr'>versaretur</span> <span class='ocrx_word' id='word_1_209' title='bbox 423 3324 444 3368; x_wconf 86' lang='lat' dir='ltr'>a</span> <span class='ocrx_word' id='word_1_210' title='bbox 465 3302 732 3370; x_wconf 87' lang='lat' dir='ltr'>Lacedaemoniis</span> <span class='ocrx_word' id='word_1_211' title='bbox 754 3304 872 3368; x_wconf 83' lang='lat' dir='ltr'>iterum</span> <span class='ocrx_word' id='word_1_212' title='bbox 893 3302 1037 3369; x_wconf 90' lang='lat' dir='ltr'>eiusdem</span> <span class='ocrx_word' id='word_1_213' title='bbox 1060 3303 1200 3370; x_wconf 87' lang='lat' dir='ltr'>criminis</span> <span class='ocrx_word' id='word_1_214' title='bbox 1223 3326 1275 3371; x_wconf 86' lang='lat' dir='ltr'>aa·</span> 
     </span>
     <span class='ocr_line' id='line_1_30' title="bbox 221 3407 1277 3490; baseline 0.002 -18"><span class='ocrx_word' id='word_1_215' title='bbox 221 3415 366 3474; x_wconf 84' lang='lat' dir='ltr'>casatum</span> <span class='ocrx_word' id='word_1_216' title='bbox 387 3407 616 3490; x_wconf 89' lang='lat' dir='ltr'>absentemque</span> <span class='ocrx_word' id='word_1_217' title='bbox 638 3407 825 3472; x_wconf 88' lang='lat' dir='ltr'>damnatum</span> <span class='ocrx_word' id='word_1_218' title='bbox 848 3425 927 3473; x_wconf 84' lang='lat' dir='ltr'>esse.</span> <span class='ocrx_word' id='word_1_219' title='bbox 978 3407 1038 3472; x_wconf 90' lang='lat' dir='ltr'>His</span> <span class='ocrx_word' id='word_1_220' title='bbox 1060 3428 1136 3474; x_wconf 91' lang='lat' dir='ltr'>vero</span> <span class='ocrx_word' id='word_1_221' title='bbox 1158 3408 1277 3474; x_wconf 79' lang='lat' dir='ltr'>Diodo-</span> 
     </span>
     <span class='ocr_line' id='line_1_31' title="bbox 220 3510 1276 3598; baseline 0.001 -19"><span class='ocrx_word' id='word_1_222' title='bbox 220 3533 275 3579; x_wconf 88' lang='lat' dir='ltr'>rus</span> <span class='ocrx_word' id='word_1_223' title='bbox 296 3510 392 3579; x_wconf 90' lang='lat' dir='ltr'>valde</span> <span class='ocrx_word' id='word_1_224' title='bbox 415 3511 551 3597; x_wconf 84' lang='lat' dir='ltr'>erravit,</span> <span class='ocrx_word' id='word_1_225' title='bbox 584 3519 713 3597; x_wconf 87' lang='lat' dir='ltr'>tamque</span> <span class='ocrx_word' id='word_1_226' title='bbox 734 3530 885 3598; x_wconf 89' lang='lat' dir='ltr'>perverse</span> <span class='ocrx_word' id='word_1_227' title='bbox 907 3511 990 3578; x_wconf 90' lang='lat' dir='ltr'>hanc</span> <span class='ocrx_word' id='word_1_228' title='bbox 1020 3533 1087 3580; x_wconf 90' lang='lat' dir='ltr'>rem</span> <span class='ocrx_word' id='word_1_229' title='bbox 1118 3515 1276 3598; x_wconf 84' lang='lat' dir='ltr'>exposuit,</span> 
     </span>
     <span class='ocr_line' id='line_1_32' title="bbox 221 3613 1276 3702; baseline 0.003 -21"><span class='ocrx_word' id='word_1_230' title='bbox 221 3622 256 3681; x_wconf 91' lang='lat' dir='ltr'>ut</span> <span class='ocrx_word' id='word_1_231' title='bbox 277 3618 326 3684; x_wconf 81' lang='lat' dir='ltr'>ilo</span> <span class='ocrx_word' id='word_1_232' title='bbox 337 3615 501 3702; x_wconf 76' lang='lat' dir='ltr'>Ephorum</span> <span class='ocrx_word' id='word_1_233' title='bbox 523 3615 691 3701; x_wconf 87' lang='lat' dir='ltr'>scripsisse</span> <span class='ocrx_word' id='word_1_234' title='bbox 712 3635 843 3700; x_wconf 88' lang='lat' dir='ltr'>prorsus</span> <span class='ocrx_word' id='word_1_235' title='bbox 856 3613 1043 3683; x_wconf 88' lang='lat' dir='ltr'>incredibile</span> <span class='ocrx_word' id='word_1_236' title='bbox 1064 3616 1115 3684; x_wconf 84' lang='lat' dir='ltr'>sit</span> <span class='ocrx_word' id='word_1_237' title='bbox 1158 3618 1276 3685; x_wconf 91' lang='lat' dir='ltr'>Omnes</span> 
     </span>
     <span class='ocr_line' id='line_1_33' title="bbox 221 3719 1276 3809; baseline 0.006 -23"><span class='ocrx_word' id='word_1_238' title='bbox 221 3721 307 3789; x_wconf 89' lang='lat' dir='ltr'>euim</span> <span class='ocrx_word' id='word_1_239' title='bbox 327 3720 517 3807; x_wconf 87' lang='lat' dir='ltr'>scriptores,</span> <span class='ocrx_word' id='word_1_240' title='bbox 539 3719 763 3806; x_wconf 89' lang='lat' dir='ltr'>Thucydides,</span> <span class='ocrx_word' id='word_1_241' title='bbox 788 3720 994 3806; x_wconf 90' lang='lat' dir='ltr'>Plutarchus,</span> <span class='ocrx_word' id='word_1_242' title='bbox 1024 3722 1194 3809; x_wconf 86' lang='lat' dir='ltr'>Diodorus,</span> <span class='ocrx_word' id='word_1_243' title='bbox 1215 3726 1276 3792; x_wconf 84' lang='lat' dir='ltr'>Ne·</span> 
     </span>
     <span class='ocr_line' id='line_1_34' title="bbox 221 3825 1276 3915; baseline 0.001 -21"><span class='ocrx_word' id='word_1_244' title='bbox 221 3845 280 3910; x_wconf 86' lang='lat' dir='ltr'>pos</span> <span class='ocrx_word' id='word_1_245' title='bbox 301 3825 335 3894; x_wconf 92' lang='lat' dir='ltr'>in</span> <span class='ocrx_word' id='word_1_246' title='bbox 357 3845 397 3892; x_wconf 89' lang='lat' dir='ltr'>ea</span> <span class='ocrx_word' id='word_1_247' title='bbox 418 3845 455 3892; x_wconf 91' lang='lat' dir='ltr'>re</span> <span class='ocrx_word' id='word_1_248' title='bbox 477 3826 680 3892; x_wconf 86' lang='lat' dir='ltr'>consentiunt</span> <span class='ocrx_word' id='word_1_249' title='bbox 722 3832 758 3891; x_wconf 86' lang='lat' dir='ltr'>nt</span> <span class='ocrx_word' id='word_1_250' title='bbox 788 3825 915 3909; x_wconf 86' lang='lat' dir='ltr'>dicant,</span> <span class='ocrx_word' id='word_1_251' title='bbox 936 3825 1184 3896; x_wconf 86' lang='lat' dir='ltr'>Themistoclem</span> <span class='ocrx_word' id='word_1_252' title='bbox 1205 3849 1276 3915; x_wconf 92' lang='lat' dir='ltr'>pro-</span> 
     </span>
     <span class='ocr_line' id='line_1_35' title="bbox 222 3929 1277 4020; baseline 0.003 -24"><span class='ocrx_word' id='word_1_253' title='bbox 222 3929 352 3998; x_wconf 88' lang='lat' dir='ltr'>ditionis</span> <span class='ocrx_word' id='word_1_254' title='bbox 374 3949 445 3998; x_wconf 91' lang='lat' dir='ltr'>esse</span> <span class='ocrx_word' id='word_1_255' title='bbox 466 3936 654 3998; x_wconf 89' lang='lat' dir='ltr'>accusatum</span> <span class='ocrx_word' id='word_1_256' title='bbox 676 3937 709 3999; x_wconf 86' lang='lat' dir='ltr'>et</span> <span class='ocrx_word' id='word_1_257' title='bbox 731 3930 919 3997; x_wconf 89' lang='lat' dir='ltr'>damnatum</span> <span class='ocrx_word' id='word_1_258' title='bbox 941 3949 1011 3997; x_wconf 89' lang='lat' dir='ltr'>cum</span> <span class='ocrx_word' id='word_1_259' title='bbox 1033 3933 1139 4018; x_wconf 86' lang='lat' dir='ltr'>patria</span> <span class='ocrx_word' id='word_1_260' title='bbox 1167 3935 1277 4020; x_wconf 89' lang='lat' dir='ltr'>expul-</span> 
     </span>
     <span class='ocr_line' id='line_1_36' title="bbox 221 4034 1277 4126; baseline 0.004 -24"><span class='ocrx_word' id='word_1_261' title='bbox 221 4049 276 4108; x_wconf 81' lang='lat' dir='ltr'>sus</span> <span class='ocrx_word' id='word_1_262' title='bbox 297 4035 394 4120; x_wconf 79' lang='lat' dir='ltr'>Argis</span> <span class='ocrx_word' id='word_1_263' title='bbox 423 4035 601 4120; x_wconf 77' lang='lat' dir='ltr'>habitaret3</span> <span class='ocrx_word' id='word_1_264' title='bbox 633 4057 729 4123; x_wconf 90' lang='lat' dir='ltr'>porro</span> <span class='ocrx_word' id='word_1_265' title='bbox 754 4034 965 4121; x_wconf 87' lang='lat' dir='ltr'>Thucydides</span> <span class='ocrx_word' id='word_1_266' title='bbox 988 4035 1029 4124; x_wconf 90' lang='lat' dir='ltr'>(c.</span> <span class='ocrx_word' id='word_1_267' title='bbox 1052 4037 1139 4122; x_wconf 85' lang='lat'>133),</span> <span class='ocrx_word' id='word_1_268' title='bbox 1169 4040 1277 4126; x_wconf 85' lang='lat' dir='ltr'>Nepos</span> 
     </span>
     <span class='ocr_line' id='line_1_37' title="bbox 222 4137 1276 4230; baseline 0.008 -28"><span class='ocrx_word' id='word_1_269' title='bbox 222 4137 374 4221; x_wconf 89' lang='lat' dir='ltr'>(Pansan.</span> <span class='ocrx_word' id='word_1_270' title='bbox 395 4159 421 4204; x_wconf 87' lang='lat' dir='ltr'>c</span> <span class='ocrx_word' id='word_1_271' title='bbox 441 4139 477 4225; x_wconf 83' lang='lat'>4)</span> <span class='ocrx_word' id='word_1_272' title='bbox 501 4139 662 4207; x_wconf 89' lang='lat' dir='ltr'>Diodorus</span> <span class='ocrx_word' id='word_1_273' title='bbox 683 4140 754 4228; x_wconf 89' lang='lat' dir='ltr'>ipse</span> <span class='ocrx_word' id='word_1_274' title='bbox 776 4137 927 4226; x_wconf 60' lang='lat' dir='ltr'>(eene)</span> <span class='ocrx_word' id='word_1_275' title='bbox 949 4146 1047 4207; x_wconf 86' lang='lat' dir='ltr'>testes</span> <span class='ocrx_word' id='word_1_276' title='bbox 1068 4148 1158 4226; x_wconf 91' lang='lat' dir='ltr'>sunt,</span> <span class='ocrx_word' id='word_1_277' title='bbox 1180 4144 1276 4230; x_wconf 92' lang='lat' dir='ltr'>epho-</span> 
     </span>
     <span class='ocr_line' id='line_1_38' title="bbox 222 4240 1276 4332; baseline 0.008 -26"><span class='ocrx_word' id='word_1_278' title='bbox 222 4261 273 4308; x_wconf 90' lang='lat' dir='ltr'>ros</span> <span class='ocrx_word' id='word_1_279' title='bbox 296 4241 366 4326; x_wconf 92' lang='lat' dir='ltr'>ipso</span> <span class='ocrx_word' id='word_1_280' title='bbox 389 4240 516 4309; x_wconf 89' lang='lat' dir='ltr'>demum</span> <span class='ocrx_word' id='word_1_281' title='bbox 537 4243 648 4311; x_wconf 90' lang='lat' dir='ltr'>mortis</span> <span class='ocrx_word' id='word_1_282' title='bbox 677 4242 859 4310; x_wconf 87' lang='lat' dir='ltr'>Pausaniae</span> <span class='ocrx_word' id='word_1_283' title='bbox 891 4241 944 4309; x_wconf 91' lang='lat' dir='ltr'>die</span> <span class='ocrx_word' id='word_1_284' title='bbox 973 4263 1051 4312; x_wconf 82' lang='lat' dir='ltr'>ase</span> <span class='ocrx_word' id='word_1_285' title='bbox 1078 4244 1276 4332; x_wconf 86' lang='lat' dir='ltr'>impetrasse,</span> 
     </span>
    </p>
   </div>
   <div class='ocr_carea' id='block_1_3' title="bbox 0 0 1487 4772">
    <p class='ocr_par' dir='ltr' id='par_1_3' title="bbox 0 0 1487 4772">
     <span class='ocr_line' id='line_1_39' title="bbox 0 0 1487 4772; baseline 0 0"><span class='ocrx_word' id='word_1_286' title='bbox 0 0 1487 4772; x_wconf 95' lang='lat' dir='ltr'> </span> 
     </span>
    </p>
   </div>
  </div>
 </body>
</html>
