2954 4772
715 291 758 356 49

211 462 467 539 narratiunculas
489 462 604 547 cupitis
626 461 710 545 quod
734 463 896 548 praecedit
927 486 989 529 ιιοτι
1014 463 1181 530 reserenda
1203 466 1267 531 sint

212 567 332 652 nemini
352 566 495 653 profecto
518 565 647 633 dubium
678 587 749 635 esse
771 572 885 653 potest.
943 567 1030 644 Dicit
1061 569 1145 636 enim
1167 570 1266 636 Thuc.

212 672 237 736 Ι.
249 671 307 737 89:
327 668 518 755 Ἀθηναίων
540 667 576 732 δὲ
596 670 631 732 τι)
655 669 777 746 κοινόν,
800 669 910 754 ἐπειδὴ
933 669 1041 745 αὐτοῖς
1061 667 1096 736 oi
1105 675 1264 756 βάρβαροι

211 776 246 838 ἔτι
269 777 321 859 τῆς
342 772 450 856 χώρας
472 771 641 858 ἀπῆλθον,
665 772 879 856 διεκομίζοντο
900 773 1030 850 εὐθὺς
1051 775 1134 840 ὅθεν
1155 775 1265 854 ὑπεξέ-

213 882 309 942 θεντο
332 877 453 953 παῖδας
477 882 531 940 ται
552 887 706 959 γννατιιας
728 882 782 939 καὶ
803 877 859 963 τὴν
871 882 1048 960 περιοῦσαν
1058 882 1265 966 κατασκευήν,

213 987 280 1044 ταὶ
313 985 383 1065 τὴν
423 981 544 1044 πόλιν
577 968 880 1063 ἀνοικοδομεῖν
910 980 1265 1062 παρεσκευάζοντο

212 1093 274 1148 καὶ
306 1087 350 1150 τὰ
381 1088 513 1170 τεῖχος
545 1093 641 1170 atque
675 1085 795 1152 eisdem
826 1085 894 1153 iere
927 1087 1034 1153 verbis
1068 1107 1144 1154 usus
1172 1088 1267 1155 Diod.
1352 1111 1360 1124 ·

211 1203 237 1258 e.
259 1193 312 1276 39,
338 1193 352 1255 l
386 1192 528 1276 scripsit:
550 1196 629 1272 μετὰ
661 1190 698 1253 δὲ
720 1191 775 1276 τὴν
795 1191 832 1254 ἐν
854 1190 1035 1266 Πλαταιαῖς
1057 1194 1156 1279 νίκην,
1177 1216 1267 1276 μετε-

210 1298 348 1379 κόμισαν
370 1347 377 1364 .
401 1348 408 1362 .
434 1348 440 1361 .
464 1341 473 1360 .
495 1296 615 1370 εὐθὺς
645 1295 689 1359 δὲ
719 1301 788 1359 καὶ
819 1299 887 1381 τὴν
909 1296 1036 1362 πόλιν
1063 1298 1267 1384 ἐπεχείρη-

210 1421 288 1465 σαν
320 1401 531 1482 τιιχιζειν,
573 1401 760 1485 quibuscum
796 1423 924 1486 prorsus
957 1403 1116 1470 consentit
1142 1404 1267 1470 Plutar-

211 1509 289 1574 chus
319 1507 470 1573 dicendo:
496 1506 631 1580 <eriora
661 1506 867 1588 ἐπεχείρει
898 1510 969 1590 τὴν
997 1508 1123 1571 πόλιν
1152 1507 1267 1574 α’νοτ-

211 1610 414 1692 ιιοδομετν
449 1615 517 1672 καὶ
549 1607 754 1690 τειχίζειν.
810 1611 921 1694 Neque
953 1611 1267 1697 minusinre‘liquis

212 1714 251 1781 de
274 1715 372 1780 muris
403 1713 613 1780 aedificandis
635 1714 742 1780 allatis
764 1714 808 1779 ad
830 1715 969 1793 verbum,
984 1735 1083 1800 saepe
1106 1716 1265 1783 Diodorus

211 1828 243 1886 et
265 1819 452 1886 Plutarchus
475 1840 547 1885 oum
567 1815 756 1904 Thucydide
778 1819 971 1910 conspirant.
1024 1821 1068 1888 Ut
1094 1842 1170 1888 vero
1192 1831 1266 1888 sunt

212 1926 328 2011 quibus
350 1925 577 2011 prohibeamur
610 1945 651 1990 ne
683 1923 906 2010 Thucydidem
939 1925 1073 1992 Diodori
1103 1933 1264 1993 auctorem

211 2031 310 2098 luisse
331 2036 494 2116 putemus,
517 2031 563 2095 ita
586 2051 626 2096 ue
642 2030 849 2096 Plutarchum
873 2029 1002 2114 quidem
1024 2031 1110 2096 illius
1126 2033 1265 2116 vestigia
1299 2091 1300 2098 ,

210 2136 365 2224 pressisse
387 2156 505 2222 ponere
537 2136 627 2221 licet,
661 2136 735 2220 quia
760 2135 855 2219 ,quod
887 2158 916 2201 v.
939 2138 968 2202 5.
993 2158 1024 2222 p.
1036 2138 1101 2202 238
1133 2137 1265 2204 exhibet

211 2243 341 2308 missum
364 2261 434 2307 esse
456 2241 497 2308 ab
518 2241 686 2324 Aeginetis
708 2241 939 2325 Polyarchum,
968 2242 1021 2324 qui
1052 2237 1279 2310 Athenienses

211 2345 297 2430 quod
318 2345 417 2412 muris
441 2346 549 2410 urbem
572 2343 732 2410 munirent
760 2345 897 2430 Spartae
919 2350 1102 2427 accusaret,
1137 2346 1264 2412 aThu·

210 2451 327 2536 cydide
348 2451 500 2536 seriptum
522 2471 585 2516 uon
607 2459 673 2532 est3
705 2449 755 2516 his
788 2449 894 2515 verbis
916 2456 1022 2515 autem
1044 2448 1146 2515 fusius
1168 2468 1265 2537 expo·

210 2557 305 2622 situm
328 2575 399 2622 esse
420 2553 622 2640 Thucydidis
645 2552 742 2619 illud:
764 2553 908 2640 (ineunte
930 2573 957 2617 c.
970 2553 1026 2638 3¹0)
1049 2554 1083 2616 ut
1107 2551 1143 2614 δὲ
1165 2551 1266 2616 πλέον

209 2663 273 2726 ττῐν
295 2664 474 2743 συμμάχων
494 2657 742 2740 ἐξοτρυνόντων,
778 2664 863 2724 recte
884 2657 1069 2723 Piersouius
1080 2657 1104 2742 ¹)
1133 2659 1265 2724 monuit.

211 2767 282 2846 Quo
304 2765 389 2850 quod
411 2765 529 2830 certius
550 2763 664 2829 haberi
687 2771 793 2848 potest
812 2768 1037 2846 argumentum
1060 2762 1265 2828 aPlutarcho

210 2891 276 2937 non
298 2875 485 2954 usurpatum
515 2887 586 2934 esse
617 2865 854 2951 Thucydidem,
883 2865 940 2932 sed
962 2866 1138 2952 Ephorum,
1171 2887 1265 2950 quem

211 2979 337 3040 constat
363 2971 572 3057 „Thucydide
595 2969 827 3054 quodammodo
850 2970 1059 3036 fundamento
1081 2991 1172 3037 usum
1195 2993 1265 3052 esso

211 3085 244 3142 ot
263 3075 374 3162 populi
395 3075 595 3141 narrationes
621 3074 909 3160 inscriptionesque
933 3076 1128 3161 respexisse,
1162 3096 1265 3160 eaque

211 3197 294 3262 qnae
316 3197 388 3243 cum
410 3177 466 3243 illo
489 3177 706 3263 discrepantia
720 3175 898 3261 tradiderit,
921 3197 960 3243 ex
977 3176 1138 3255 hoefoute
1159 3199 1264 3266 sump-

210 3283 334 3350 sisse“?
348 3280 374 3368 ⁸)
418 3283 501 3348 llam
523 3301 565 3347 ne
586 3282 626 3346 de
641 3281 848 3367 Theopompo
861 3282 1052 3367 cogitemus,
1076 3283 1264 3350 Plutarchus

210 3386 353 3474 opinioni
383 3387 466 3454 eius:
499 3383 764 3472 „Themistoclem
791 3387 929 3471 pecunia
959 3386 1096 3473 ephoros
1129 3407 1264 3455 commo·

209 3489 311 3577 visse,
333 3511 374 3558 ne
397 3490 497 3558 muris
517 3489 728 3557 aedificandis
750 3509 786 3556 se
808 3491 1034 3577 opponerent‘,
1066 3490 1100 3556 id
1127 3492 1211 3576 quod
1233 3492 1265 3556 ot

209 3596 349 3664 ττλιτστοι
372 3597 433 3684 (ita
454 3596 539 3662 euim
561 3617 659 3683 saepe
687 3596 808 3662 iontem
837 3596 1022 3684 primarium
1049 3596 1141 3684 dicit)
1169 3605 1264 3664 rettu-

208 3701 319 3787 lerint,
343 3702 486 3789 opponit.
531 3701 650 3766 Contra
671 3701 699 3766 τί
722 3720 793 3766 curn
816 3699 866 3765 his
888 3697 1043 3766 lustinum
1066 3706 1097 3764 et
1109 3701 1263 3786 Nepotem

210 3823 449 3892 comparamus,
470 3807 503 3871 iu
527 3806 587 3870 bae
610 3824 735 3889 quoque
769 3804 962 3869 narrationis
992 3811 1083 3887 parte
1121 3823 1161 3868 ea
1181 3803 1265 3872 iuter

210 3965 518 3974 ——-.—.-.-—.-..-——-

284 4055 309 4122 l)
330 4053 490 4117 Piersou,
510 4051 561 4108 Die
581 4049 818 4121 thulrydidcisclre
840 4049 1021 4118 Durstelluug
1039 4048 1088 4102 der
1109 4048 1263 4102 Pentecou-

208 4139 297 4198 taetie
316 4144 370 4196 oet.
389 4140 418 4194 in
439 4141 538 4196 Philol.
559 4139 677 4194 XXVIII
697 4157 724 4209 p.
743 4140 778 4193 40
796 4155 855 4206 seq.

281 4229 309 4298 2)
328 4227 513 4294 Stollrens,
533 4229 551 4282 l.
569 4228 588 4280 l.
607 4245 634 4296 p.
657 4228 697 4282 lo.
717 4227 874 4292 Collmuun,
895 4227 914 4279 1.
933 4226 952 4278 l.
971 4243 1033 4295 cap.
1052 4225 1074 4280 1.

964 4317 987 4378 4
