2954 4772
702 317 746 388 39

195 501 303 566 autern
349 497 505 586 perniciei
555 496 672 584 fuisse,
725 497 789 565 ullo
836 497 907 565 loco
945 499 1204 568 commemoravit
1228 499 1252 590 ¹)

193 604 309 690 Pugna
330 604 403 692 ipsa
424 624 500 672 vero
527 603 700 672 Plutarcho
721 608 804 671 teste
834 604 950 691 oritur,
984 612 1019 673 ut
1050 605 1085 672 in
1106 605 1251 674 Homeri·

196 711 241 778 cis
274 711 470 778 carminibus
502 709 572 776 fieri
600 709 701 796 solet,
735 731 756 776 a
783 710 983 796 singulorum
1015 710 1253 798 certaminibus,

196 822 292 902 atque
314 839 335 883 a
357 817 553 884 Graecorum
575 814 704 900 quidem
736 819 828 901 parte
857 815 995 902 primum
1023 815 1175 903 impetum
1205 814 1254 881 fa·

197 919 284 986 ciunt
301 920 448 990 Aminias
470 919 632 1006 ctscoles,
655 939 677 985 u
698 920 869 986 Persarum
890 920 1080 988 Ariamenen
1101 920 1177 1008 dux,
1200 938 1254 986 cu·
1289 922 1291 926 '

196 1023 246 1092 ius
267 1048 353 1095 mors
376 1027 500 1113 gloriae
522 1026 620 1112 plena
641 1023 744 1108 fusius
766 1045 788 1090 a
808 1025 980 1094 Plutarcho
1004 1025 1252 1115 (vaphet-

195 1134 249 1200 fin.
271 1133 356 1223 cap.)
379 1133 558 1222 exponitur.
601 1133 707 1217 Atque
729 1139 881 1220 apparet,
903 1135 933 1202 si
952 1134 1158 1202 Plutarchum
1179 1153 1252 1202 cum

196 1239 360 1308 Herodoto
393 1246 425 1306 et
446 1239 589 1307 Diodoro
613 1259 845 1325 comparamus,
866 1259 907 1305 ex
928 1240 1091 1309 Herodoto
1114 1237 1253 1325 quidem,

196 1345 244 1412 uti
271 1346 407 1413 Welfius
441 1343 499 1412 alii
534 1345 721 1431 uoluerunt,
761 1345 967 1412 Plutarchum
997 1367 1062 1414 uon
1095 1345 1253 1430 hausisse,

196 1450 272 1534 quia
294 1470 503 1536 quaecunque
538 1450 574 1516 in
601 1449 662 1518 hoc
685 1450 790 1536 eapite
812 1450 962 1536 leguntur
982 1451 1017 1517 in
1038 1450 1194 1519 Herodoti
1214 1449 1252 1516 li·

196 1555 263 1622 bris
285 1555 404 1623 frustra
427 1575 571 1640 quaeres.
625 1556 737 1640 Neque
765 1554 925 1623 Diodorus
949 1555 1077 1640 quidem
1097 1561 1165 1621 tam
1185 1554 1253 1623 lon-

197 1679 259 1744 gus
279 1667 329 1727 est
362 1681 459 1745 quam
480 1659 686 1745 Plutarchus,
708 1658 765 1726 sed
788 1680 871 1745 qnae
893 1659 992 1727 hahet
1024 1659 1189 1726 sufficiunt
1208 1657 1254 1725 ad

197 1764 492 1852 demonstrandum,
528 1764 664 1832 eundem
698 1764 819 1832 fontem
851 1766 895 1832 ab
927 1771 1061 1849 utroque
1099 1784 1170 1833 esse
1199 1763 1253 1832 de·

198 1870 358 1958 scriptum.
409 1872 551 1955 Uterque
574 1869 659 1936 enim
682 1869 761 1937 dicit
781 1890 803 1936 a
826 1869 1021 1937 Graecorum
1050 1875 1142 1958 parte
1165 1868 1253 1937 Ami·

196 1977 284 2044 niam
311 1976 438 2044 initium
470 1975 586 2043 fecisse
605 1974 790 2062 pugnandi,
825 1974 922 2062 (Plut.
956 1995 1027 2063 cap.
1048 1976 1142 2044 xlv.
1157 1974 1253 2045 Diod.

198 2085 287 2170 cdl,
303 2081 353 2172 2),
382 2103 403 2150 a
424 2084 594 2150 Persarum
623 2087 731 2149 autern
754 2080 867 2149 ducem
888 2081 1112 2170 Ariamenen,
1128 2101 1253 2168 ,quam-

197 2208 293 2274 quam
314 2207 427 2255 nomen
457 2187 525 2254 eius
547 2186 708 2254 Diodorus
730 2207 795 2253 non
815 2187 960 2274 scripsit,
980 2186 1090 2276 (Diod.
1111 2207 1138 2254 c.
1161 2187 1213 2273 18,
1230 2185 1252 2253 5

196 2300 229 2360 et
249 2313 275 2360 c.
304 2294 358 2380 27,
379 2291 415 2380 2)
457 2299 552 2377 atque
595 2293 679 2360 hunc
713 2289 842 2377 quidem
875 2292 928 2372 ¹ab
960 2291 1150 2360 Atheniensi
1183 2311 1254 2360 esse

197 2405 354 2468 necatum.
443 2399 634 2467 Plutarchus
668 2399 786 2467 deinde
816 2398 949 2468 summis
979 2398 1129 2467 laudibus
1161 2397 1254 2466 effeit

194 2508 365 2575 Persarum
386 2504 516 2592 ducem,
548 2527 642 2591 quem
677 2505 755 2572 dicit
783 2491 946 2573 strenuum
976 2504 1077 2572 fuisse
1109 2512 1142 2572 et
1170 2504 1254 2572 inter

194 2613 309 2680 fratres
341 2613 429 2698 regis
461 2613 558 2698 longe
592 2611 920 2700 praestantissimum,
957 2611 1012 2696 qui
1043 2612 1160 2680 virtute
1192 2633 1252 2680 sua

196 2715 329 2803 dignam
352 2717 468 2786 obierit
490 2723 625 2785 mortem
638 2716 673 2806 ²).
731 2717 801 2798 Quo
831 2737 1027 2802 quamquam
1055 2718 1183 2786 brevior
1204 2725 1267 2787 est

196 2824 357 2892 Diodorus
389 2823 501 2892 eodem
523 2829 632 2891 tamen
654 2828 784 2890 auctore
818 2822 878 2888 niti
911 2822 1073 2909 putandus
1095 2825 1252 2910 estquod

196 2928 275 2997 dicit
296 2949 323 2996 c.
347 2930 398 3014 18,
420 2929 457 2996 5:
489 2925 508 2992 d
533 2926 569 2990 δὲ
602 2930 768 3012 ναύαρχος
789 2929 1028 3013 προηγούμενος
1050 2931 1103 3015 τῆς
1123 2929 1265 3007 οοὶἒξοας,Ι

197 3037 252 3097 καὶ
272 3034 397 3118 πρῶτος
418 3031 574 3115 σννοὶψας
594 3029 704 3115 μα’χρν
726 3029 895 3116 διεφθάρη
929 3029 1131 3117 λαμπρῶς
1152 3031 1252 3114 α’γω-

197 3136 392 3221 νοούμενα
402 3159 427 3213 ς.
483 3138 665 3205 Herodotus
695 3141 806 3204 contra
838 3137 936 3223 longe
968 3137 1010 3205 ab
1043 3138 1091 3206 eis
1123 3140 1252 3228 recedit,

195 3263 300 3327 neque
321 3243 409 3310 enim
437 3243 565 3330 scripsit
586 3241 818 3329 Ariabigenem
839 3241 901 3327 (ita
923 3242 1087 3311 Plutarchi
1106 3243 1253 3313 Ariame-

196 3368 270 3415 nem
292 3347 383 3436 dicit)
416 3368 437 3414 a
469 3346 561 3435 palte
593 3332 764 3414 Persarum
790 3346 916 3413 initium
938 3345 1054 3416 secisse
1075 3345 1254 3436 pugnandi,

195 3474 299 3539 neque
321 3459 455 3521 mortem
476 3459 508 3520 et
528 3460 690 3522 certamen
713 3453 782 3520 eius
805 3451 929 3538 gloriae
949 3452 1048 3538 plenu
1075 3451 1174 3520 luisse
1196 3459 1253 3520 aut

195 3561 237 3627 ab
259 3558 390 3625 Aminia
411 3579 484 3627 eum
512 3578 583 3627 csse
604 3557 806 3626 interfectum
837 3557 902 3624 ullo
929 3557 1030 3625 verbo
1062 3575 1253 3626 commemo·

271 3859 297 3930 1)
316 3858 448 3926 Leuke,
479 3859 498 3914 1.
517 3859 537 3914 l.
556 3875 622 3931 pag.
642 3857 709 3924 203,
738 3854 886 3913 Plutarchi
904 3853 977 3912 illud
994 3855 1025 3912 in
1043 3855 1253 3916 dubitationem

196 3946 287 4026 vocat.
307 3977 341 3987 -
370 3947 420 4003 cfr.
445 3945 534 4004 etiam
558 3947 650 4004 Schol.
676 3944 713 4001 ad
734 3945 820 4001 Arist.
850 3945 922 4002 orat.
940 3944 1019 4002 Tum.
1036 3945 1078 4002 ΙΙΙ
1105 3965 1172 4020 pag.
1190 3949 1254 4006 647.

197 4033 298 4197 Dmdd)
317 4124 373 4181 cfr.
399 4143 468 4194 mor.
488 4146 516 4199 p.
534 4129 589 4184 488
607 4128 643 4183 F:
677 4131 807 4200 παρεῖχεν
834 4124 931 4179 ούνονν
949 4122 1043 4179 ἑαυτὸν
1062 4124 1172 4198 (Xerxi)
1191 4124 1253 4184 ὥστε

195 4212 342 4286 ἀριστεύων
368 4216 397 4270 ἐν
420 4215 528 4290 spurci
546 4219 692 4290 Σαλαμῖνα
719 4215 861 4288 ναυμαχίᾳ
887 4217 978 4268 neuris*
1002 4211 1069 4287 ὑπὲρ
1092 4213 1133 4284 τῆς
1151 4217 1251 4276 traduco

195 4302 284 4370 utras.
372 4370 375 4375 .
