2954 4772
772 235 815 306 64

268 435 373 500 quam,
396 415 422 480 si
443 414 660 481 narrationem
683 415 752 482 eius
785 436 857 482 cum
882 413 1094 505 Thucydidea
1119 437 1344 503 comparave-

270 521 368 585 rimus
398 519 514 606 lugiet,
550 528 671 604 quanta
693 521 736 588 sit
757 528 790 588 et
811 521 981 588 verhomm
1002 523 1118 607 quihus
1142 529 1276 590 utantur
1302 529 1342 586 et

270 643 375 690 rerum
409 643 489 708 quas
524 626 688 711 prol'eraut
710 625 894 692 similitudo.
937 628 1005 694 Nec
1026 633 1134 694 tamen
1157 649 1175 694 c
1197 627 1339 711 Thucy-

270 727 344 795 dide
366 728 454 814 ipso,
477 727 534 796 sed
552 727 672 814 Ephori
695 737 764 794 arte
786 735 862 796 ante
885 728 1085 797 elaboratam
1107 730 1336 797 narrationem

270 831 313 898 ud
334 832 537 900 Plutarchum
560 833 759 918 pervenisse,
782 831 858 899 iude
879 834 951 901 luce
973 834 1091 902 clarius
1113 834 1336 919 cognoscitur,

269 936 354 1022 quod
376 956 458 1022 quae
479 937 685 1022 Thucydides
708 939 806 1004 verbo
828 946 952 1006 tautum
973 939 1089 1026 tetigit,
1111 961 1131 1006 a
1153 939 1334 1004 Plutarcho

270 1043 371 1109 fusius
393 1049 425 1110 et
446 1043 627 1110 accuratius
640 1043 788 1129 exposita
809 1049 892 1110 sunt
935 1045 1018 1111 Nam
1038 1041 1113 1110 vide
1135 1044 1219 1127 quod
1239 1043 1334 1109 Thn-

270 1145 403 1232 cydides
425 1148 552 1233 scripsit
573 1168 598 1213 c.
624 1147 701 1214 135:
724 1143 756 1211 ol
778 1145 814 1210 ric
834 1149 1020 1224 πεισθέντες
1034 1152 1195 1231 πέμπουσι
1218 1198 1225 1212 .
1251 1194 1260 1212 .
1285 1202 1293 1217 .
1323 1193 1333 1212 .

271 1251 395 1333 ἄνδρας
421 1251 469 1324 οἱς
499 1256 601 1336 εἴρητο
631 1251 720 1331 οἴγειν
750 1250 834 1316 ὅπου
864 1254 907 1314 όν
935 1256 1161 1338 περιιόχωσιν,
1195 1273 1331 1340 prorsus

270 1357 441 1424 convenire
463 1376 534 1422 cum
556 1355 720 1422 Plutarchi
742 1355 866 1422 verbis:
899 1353 940 1420 οδ
965 1359 1029 1442 μὴν
1057 1353 1144 1422 ἀλλὰ
1172 1373 1333 1439 σομπεισ·

271 1467 344 1534 θεὶς
365 1506 375 1525 .
397 1511 405 1527 .
429 1506 437 1524 .
460 1504 470 1524 .
491 1456 639 1544 δ’δῇμος
658 1458 804 1545 ἔπεμψεν
826 1458 970 1546 ἄνδρας,
993 1457 1162 1546 alcaicum
1185 1458 1331 1542 συλλαμ-

271 1567 384 1648 βάνειν
406 1571 459 1628 acl
486 1566 576 1644 ἄνειν
599 1563 706 1650 aereo,
728 1564 824 1631 mcdc
845 1565 931 1649 quod
953 1566 1006 1636 hic
1028 1565 1177 1632 addendo
1209 1571 1331 1648 aps-'lp-

272 1676 409 1754 σύμενον
436 1670 472 1734 ἐν
493 1680 557 1744 ιοτς
572 1667 717 1753 Ἕλλησιν
744 1689 816 1736 oum
847 1669 989 1736 Diodoro
1017 1670 1184 1739 consentit
1227 1669 1329 1735 Porro

272 1777 419 1843 conseras
451 1773 550 1839 Thac.
577 1793 603 1838 c.
629 1774 708 1840 136:
741 1769 822 1836 ecc
855 1771 1067 1858 Θεμιστοκλῆς
1097 1774 1327 1856 προαισθό-

272 1903 393 1964 μενος
415 1880 524 1965 φεύγει
546 1877 582 1941 da
606 1876 857 1964 Πελοποννήσου
877 1878 923 1953 ελς
947 1880 1131 1963 Κόρκυραν,
1154 1878 1201 1942 ιδν
1223 1873 1327 1940 adroic

271 1983 441 2069 εὐεργέτις,
464 2003 536 2048 cum
547 1981 630 2047 Plut
652 2001 679 2048 e.
701 1983 760 2047 24:
794 1981 1133 2066 προαισθόμενος
1155 1979 1186 2044 δ’
1207 1979 1328 2054 διιτνος

272 2081 508 2169 εἰς’Κόριιοραν
540 2083 745 2171 διεπέρασεν,
777 2087 873 2172 οόσρς
908 2083 994 2171 adrui
1023 2087 1104 2169 πρός
1143 2087 1199 2170 triv
1229 2081 1328 2148 πόλιν

271 2191 465 2274 εόερμισλαςς
499 2189 604 2274 qualis
637 2189 765 2274 quidem
802 2190 898 2258 luerit
934 2188 1095 2273 εδεργοσόα
1127 2190 1206 2274 ista,
1240 2185 1328 2254 'cho-

274 2296 407 2383 oydides
433 2316 496 2361 non
524 2295 666 2381 scripsit,
694 2294 885 2362 Plutarchus
907 2303 1015 2363 autem
1047 2295 1149 2364 insius
1171 2295 1329 2381 exposuit.

274 2405 344 2470 Iam
375 2400 450 2467 vide
472 2399 693 2484 Thucydidem
723 2399 899 2466 dicentem:
936 2399 1076 2464 δεδιέναι
1109 2398 1146 2464 δέ
1177 2398 1327 2486 φασκόν-

273 2525 336 2570 ιιον
371 2505 575 2586 Κερκυραίων
612 2502 695 2583 ἔχειν
727 2500 827 2568 αόσδν
856 2502 933 2566 ὥστε
967 2501 1236 2584 Λακεδαιμονίοις
1274 2509 1329 2564 acti

271 2611 460 2694 Ἀδρναίοις
480 2607 705 2687 &aetiten-lac,
728 2605 941 2687 διακομίζεται
952 2602 1002 2671 ain
1011 2607 1141 2672 etiamr.
1164 2656 1172 2672 .
1198 2657 1205 2671 .
1229 2613 1329 2672 ,ικαὶ

275 2712 536 2794 διωκόμενος
567 2711 628 2777 ene
662 2715 726 2776 τῶν
748 2713 1025 2797 προςαταγμδνοον
1048 2760 1055 2776 .
1079 2761 1087 2776 .
1112 2759 1119 2775 .
1144 2709 1329 2786 alverad-

276 2821 379 2896 ζειαι
402 2820 503 2881 aare
526 2840 558 2879 ει
581 2816 740 2899 ἄπορον
762 2818 854 2902 παρὰ
872 2814 1040 2902 ⁰Adppuor,
1063 2817 1118 2882 adv
1141 2813 1327 2880 Μολοσσόν
1356 2837 1363 2848 ·

274 2923 411 3007 βασιλέα
434 2923 511 2986 δνια
533 2919 619 3007 calepi
642 2919 682 2986 οδ
700 2921 798 3006 (μόλον
819 2921 1013 2998 καταλῦσαι,
1044 2919 1326 3005 Plutarchumque:

274 3028 403 3092 διετδεν
432 3026 469 3090 δὲ
496 3026 542 3101 ελς
557 3025 710 3109 Ἤπειρον
732 3027 848 3109 ἔφυγε,
879 3031 949 3089 acl
971 3023 1225 3106 διοισόμενος
1254 3022 1324 3088 duh

275 3134 338 3194 τιόν
361 3132 542 3213 Αθιρνπλοον
576 3128 756 3214 ἔρριψεν
785 3127 912 3192 αὐτόν
943 3126 1194 3204 ελςδλπίδας
1214 3126 1326 3208 χαλε-

275 3237 360 3309 πός
382 3238 448 3296 nal
471 3229 662 3315 α’πόροος
683 3236 878 3319 ιιασαφνγιδν
899 3234 981 3315 πρδς
995 3230 1159 3322 Ἆδμριον,
1183 3231 1218 3308 ric
1239 3234 1327 3311 βασι-

276 3341 349 3414 aa
379 3343 440 3419 μὲν
462 3334 502 3422 ἦν
524 3337 708 3402 Μολοσσῶν
729 3362 756 3406 ιι.
780 3361 806 3404 τ.
831 3337 859 3404 λ.
903 3336 1109 3423 Thucydides
1131 3337 1231 3423 igitur
1253 3335 1328 3402 dicit

276 3445 396 3513 solum:
433 3443 511 3506 ὄντα
535 3440 622 3526 arisai
644 3441 685 3507 οδ
707 3441 821 3528 μόλον,
853 3464 1009 3511 caruero
1032 3443 1153 3510 amicus
1175 3442 1244 3510 eius
1265 3463 1328 3508 non

277 3549 386 3633 inerit,
416 3546 606 3613 Plutarchus
628 3547 716 3614 solus
737 3548 910 3616 memoriae
934 3547 1040 3614 tradit.
1082 3545 1192 3630 Pergit
1214 3544 1329 3612 deinde

276 3650 467 3719 Plutarchus
503 3649 663 3717 narrando
693 3651 955 3736 Themistoclem,
984 3671 1055 3716 cum
1094 3649 1161 3719 fillo
1197 3649 1328 3734 parvulo

277 3754 365 3840 regis
386 3759 514 3839 arrepto
536 3754 579 3820 ad
601 3755 707 3820 focum
729 3757 865 3842 supplex
888 3755 1099 3840 consedisset,
1127 3754 1266 3838 benigne
1288 3753 1329 3818 ab

278 3860 414 3927 Admeto
436 3878 507 3925 esse
528 3866 712 3946 exceptum,
747 3880 850 3945 neque
872 3861 967 3928 aliter
987 3858 1149 3928 Diodorus
1170 3866 1202 3924 et
1223 3859 1330 3945 Nepos

279 3965 320 4052 (a
344 3964 377 4050 8)
400 3982 466 4029 rem
490 3961 684 4050 describunt,
707 3985 778 4032 cum
789 3965 994 4051 Thucydides
1016 3963 1145 4032 Admeti
1158 3963 1329 4046 mulierem,

279 4075 314 4133 ut
336 4066 396 4134 hac
418 4067 613 4132 caerimonia
635 4075 776 4135 uteretur
808 4090 879 4136 eum
901 4070 1063 4152 docuisse,
1095 4067 1203 4152 itaque
1224 4086 1329 4150 regem

279 4172 371 4256 quasi
406 4177 548 4238 coactum
583 4192 653 4240 osse
687 4181 722 4238 nt
756 4173 927 4259 fugitivum
949 4175 1120 4260 reciperet,
1151 4177 1261 4238 auctor
1282 4171 1330 4236 sit.
