<?xml version="1.0" encoding="UTF-8"?>
<!DOCTYPE html PUBLIC "-//W3C//DTD XHTML 1.0 Transitional//EN"
    "http://www.w3.org/TR/xhtml1/DTD/xhtml1-transitional.dtd">
<html xmlns="http://www.w3.org/1999/xhtml" xml:lang="en" lang="en">
 <head>
  <title>
</title>
<meta http-equiv="Content-Type" content="text/html;charset=utf-8" />
  <meta name='ocr-system' content='tesseract 3.04.00' />
  <meta name='ocr-capabilities' content='ocr_page ocr_carea ocr_par ocr_line ocrx_word'/>
</head>
<body>
  <div class='ocr_page' id='page_1' title='image "./dethemistoclisp00albrgoog_0063.png"; bbox 0 0 2954 4772; ppageno 0'>
   <div class='ocr_carea' id='block_1_1' title="bbox 722 303 765 369">
    <p class='ocr_par' dir='ltr' id='par_1_1' title="bbox 722 303 765 369">
     <span class='ocr_line' id='line_1_1' title="bbox 722 303 765 369; baseline 0 0"><span class='ocrx_word' id='word_1_1' title='bbox 722 303 765 369; x_wconf 81' lang='lat'><strong>58</strong></span> 
     </span>
    </p>
   </div>
   <div class='ocr_carea' id='block_1_2' title="bbox 153 472 1279 3916">
    <p class='ocr_par' dir='ltr' id='par_1_2' title="bbox 153 472 1278 2969">
     <span class='ocr_line' id='line_1_2' title="bbox 219 472 1274 563; baseline -0.006 -21"><span class='ocrx_word' id='word_1_2' title='bbox 219 472 267 542; x_wconf 90' lang='lat' dir='ltr'><strong>eis</strong></span> <span class='ocrx_word' id='word_1_3' title='bbox 299 495 396 560; x_wconf 82' lang='lat' dir='ltr'><strong>quae</strong></span> <span class='ocrx_word' id='word_1_4' title='bbox 413 497 482 563; x_wconf 85' lang='lat' dir='ltr'><strong>cap.</strong></span> <span class='ocrx_word' id='word_1_5' title='bbox 509 477 590 544; x_wconf 93' lang='lat' dir='ltr'><strong>XXI</strong></span> <span class='ocrx_word' id='word_1_6' title='bbox 624 473 711 543; x_wconf 87' lang='lat' dir='ltr'><strong>dicta</strong></span> <span class='ocrx_word' id='word_1_7' title='bbox 740 483 830 560; x_wconf 91' lang='lat' dir='ltr'><strong>sunt,</strong></span> <span class='ocrx_word' id='word_1_8' title='bbox 865 475 930 542; x_wconf 94' lang='lat' dir='ltr'><strong>ullo</strong></span> <span class='ocrx_word' id='word_1_9' title='bbox 962 475 1057 542; x_wconf 91' lang='lat' dir='ltr'><strong>modo</strong></span> <span class='ocrx_word' id='word_1_10' title='bbox 1094 473 1274 540; x_wconf 86' lang='lat' dir='ltr'><strong>cohaereat</strong></span> 
     </span>
     <span class='ocr_line' id='line_1_3' title="bbox 220 574 1275 666; baseline -0.007 -20"><span class='ocrx_word' id='word_1_11' title='bbox 220 581 381 648; x_wconf 83' lang='lat' dir='ltr'><strong>Benevola</strong></span> <span class='ocrx_word' id='word_1_12' title='bbox 405 581 490 648; x_wconf 89' lang='lat' dir='ltr'><strong>enim</strong></span> <span class='ocrx_word' id='word_1_13' title='bbox 512 582 553 648; x_wconf 90' lang='lat' dir='ltr'><strong>dc</strong></span> <span class='ocrx_word' id='word_1_14' title='bbox 575 580 789 648; x_wconf 77' lang='lat' dir='ltr'><strong>Themistocle</strong></span> <span class='ocrx_word' id='word_1_15' title='bbox 811 579 956 666; x_wconf 88' lang='lat' dir='ltr'><strong>iudicari,</strong></span> <span class='ocrx_word' id='word_1_16' title='bbox 978 601 1071 646; x_wconf 91' lang='lat' dir='ltr'><strong>nemo</strong></span> <span class='ocrx_word' id='word_1_17' title='bbox 1094 599 1158 645; x_wconf 94' lang='lat' dir='ltr'><strong>non</strong></span> <span class='ocrx_word' id='word_1_18' title='bbox 1186 574 1275 642; x_wconf 86' lang='lat' dir='ltr'><strong>videt</strong></span> 
     </span>
     <span class='ocr_line' id='line_1_4' title="bbox 220 679 1272 772; baseline -0.008 -21"><span class='ocrx_word' id='word_1_19' title='bbox 220 685 274 768; x_wconf 85' lang='lat' dir='ltr'><strong>qui</strong></span> <span class='ocrx_word' id='word_1_20' title='bbox 296 686 413 770; x_wconf 74' lang='lat' dir='ltr'><strong>legerit</strong></span> <span class='ocrx_word' id='word_1_21' title='bbox 432 686 597 752; x_wconf 73' lang='lat' dir='ltr'>Plutarchi</span> <span class='ocrx_word' id='word_1_22' title='bbox 616 687 674 753; x_wconf 93' lang='lat' dir='ltr'><strong>illa</strong></span> <span class='ocrx_word' id='word_1_23' title='bbox 695 688 740 770; x_wconf 87' lang='lat' dir='ltr'><strong>(v.</strong></span> <span class='ocrx_word' id='word_1_24' title='bbox 760 687 783 752; x_wconf 89' lang='lat'>4</span> <span class='ocrx_word' id='word_1_25' title='bbox 803 707 835 771; x_wconf 87' lang='lat' dir='ltr'><strong>p.</strong></span> <span class='ocrx_word' id='word_1_26' title='bbox 856 687 935 772; x_wconf 77' lang='lat'>241)</span> <span class='ocrx_word' id='word_1_27' title='bbox 964 689 1028 750; x_wconf 78' lang='grc' dir='ltr'><strong>τῶν</strong></span> <span class='ocrx_word' id='word_1_28' title='bbox 1057 683 1198 749; x_wconf 71' lang='grc' dir='ltr'><strong><em>πολιτῶν</em></strong></span> <span class='ocrx_word' id='word_1_29' title='bbox 1217 679 1272 744; x_wconf 72' lang='grc' dir='ltr'><strong>διὰ</strong></span> 
     </span>
     <span class='ocr_line' id='line_1_5' title="bbox 204 785 1273 874; baseline -0.006 -21"><span class='ocrx_word' id='word_1_30' title='bbox 204 789 254 853; x_wconf 75' lang='grc' dir='ltr'><strong>’τὸ</strong></span> <span class='ocrx_word' id='word_1_31' title='bbox 276 793 419 874; x_wconf 68' lang='grc' dir='ltr'><strong><em>φθονεῖν</em></strong></span> <span class='ocrx_word' id='word_1_32' title='bbox 446 787 549 874; x_wconf 69' lang='grc' dir='ltr'><strong><em>ἡδέως</em></strong></span> <span class='ocrx_word' id='word_1_33' title='bbox 579 790 637 866; x_wconf 72' lang='grc' dir='ltr'><strong><em>τοῖς</em></strong></span> <span class='ocrx_word' id='word_1_34' title='bbox 668 790 825 871; x_wconf 74' lang='grc' dir='ltr'><strong><em>διαβολὰς</em></strong></span> <span class='ocrx_word' id='word_1_35' title='bbox 857 793 1073 874; x_wconf 73' lang='grc' dir='ltr'><strong><em>προςιτμένων</em></strong></span> <span class='ocrx_word' id='word_1_36' title='bbox 1093 785 1273 874; x_wconf 70' lang='grc' dir='ltr'><strong><em>ἠναγκα-</em></strong></span> 
     </span>
     <span class='ocr_line' id='line_1_6' title="bbox 222 890 1274 981; baseline -0.002 -25"><span class='ocrx_word' id='word_1_37' title='bbox 222 893 306 968; x_wconf 74' lang='grc' dir='ltr'><strong><em>ζττο</em></strong></span> <span class='ocrx_word' id='word_1_38' title='bbox 329 894 512 981; x_wconf 72' lang='grc' dir='ltr'><strong><em>λυπηρὸς</em></strong></span> <span class='ocrx_word' id='word_1_39' title='bbox 533 895 643 959; x_wconf 73' lang='lat' dir='ltr'><strong>sisar</strong></span> <span class='ocrx_word' id='word_1_40' title='bbox 672 902 705 961; x_wconf 91' lang='lat' dir='ltr'><strong>et</strong></span> <span class='ocrx_word' id='word_1_41' title='bbox 726 917 756 962; x_wconf 84' lang='lat' dir='ltr'><strong>v.</strong></span> <span class='ocrx_word' id='word_1_42' title='bbox 780 897 838 961; x_wconf 88' lang='lat'><strong>16:</strong></span> <span class='ocrx_word' id='word_1_43' title='bbox 872 899 926 958; x_wconf 77' lang='lat' dir='ltr'><strong>aul</strong></span> <span class='ocrx_word' id='word_1_44' title='bbox 948 896 1100 978; x_wconf 70' lang='lat' dir='ltr'><strong>pulveral</strong></span> <span class='ocrx_word' id='word_1_45' title='bbox 1132 890 1274 980; x_wconf 85' lang='lat' dir='ltr'><strong>(Themi-</strong></span> 
     </span>
     <span class='ocr_line' id='line_1_7' title="bbox 222 997 1273 1085; baseline -0.008 -19"><span class='ocrx_word' id='word_1_46' title='bbox 222 999 352 1083; x_wconf 85' lang='lat' dir='ltr'><strong>stocles)</strong></span> <span class='ocrx_word' id='word_1_47' title='bbox 386 1019 431 1075; x_wconf 83' lang='grc' dir='ltr'><strong>τις</strong></span> <span class='ocrx_word' id='word_1_48' title='bbox 463 999 502 1066; x_wconf 83' lang='lat' dir='ltr'><strong>od</strong></span> <span class='ocrx_word' id='word_1_49' title='bbox 535 1003 592 1085; x_wconf 73' lang='grc' dir='ltr'><strong>τὴν</strong></span> <span class='ocrx_word' id='word_1_50' title='bbox 622 1000 731 1084; x_wconf 70' lang='grc' dir='ltr'><strong><em>ψυχὴν</em></strong></span> <span class='ocrx_word' id='word_1_51' title='bbox 761 999 865 1084; x_wconf 84' lang='grc' dir='ltr'><strong><em>μόνον</em></strong></span> <span class='ocrx_word' id='word_1_52' title='bbox 896 998 982 1064; x_wconf 78' lang='grc' dir='ltr'><strong><em>α’λλά</em></strong></span> <span class='ocrx_word' id='word_1_53' title='bbox 1019 1003 1073 1062; x_wconf 75' lang='grc' dir='ltr'><strong>καλ</strong></span> <span class='ocrx_word' id='word_1_54' title='bbox 1102 1000 1158 1083; x_wconf 62' lang='grc' dir='ltr'><strong>τὴν</strong></span> <span class='ocrx_word' id='word_1_55' title='bbox 1191 997 1273 1080; x_wconf 72' lang='grc' dir='ltr'><strong><em>ὄψιν</em></strong></span> 
     </span>
     <span class='ocr_line' id='line_1_8' title="bbox 220 1101 1273 1190; baseline 0.001 -25"><span class='ocrx_word' id='word_1_56' title='bbox 220 1101 355 1186; x_wconf 71' lang='grc' dir='ltr'><strong><em>ἡρωικὰς</em></strong></span> <span class='ocrx_word' id='word_1_57' title='bbox 375 1107 555 1186; x_wconf 71' lang='grc' dir='ltr'><strong><em>γενόμενος.</em></strong></span> <span class='ocrx_word' id='word_1_58' title='bbox 588 1105 723 1188; x_wconf 86' lang='lat' dir='ltr'><strong>Reliqua</strong></span> <span class='ocrx_word' id='word_1_59' title='bbox 734 1113 839 1172; x_wconf 88' lang='lat' dir='ltr'><strong>antem</strong></span> <span class='ocrx_word' id='word_1_60' title='bbox 855 1125 938 1189; x_wconf 87' lang='lat' dir='ltr'><strong>quae</strong></span> <span class='ocrx_word' id='word_1_61' title='bbox 961 1104 1021 1171; x_wconf 90' lang='lat' dir='ltr'><strong>hoc</strong></span> <span class='ocrx_word' id='word_1_62' title='bbox 1043 1103 1149 1190; x_wconf 87' lang='lat' dir='ltr'><strong>capite</strong></span> <span class='ocrx_word' id='word_1_63' title='bbox 1173 1119 1273 1187; x_wconf 86' lang='lat' dir='ltr'><strong>usquc</strong></span> 
     </span>
     <span class='ocr_line' id='line_1_9' title="bbox 221 1205 1273 1292; baseline 0.004 -21"><span class='ocrx_word' id='word_1_64' title='bbox 221 1205 264 1271; x_wconf 89' lang='lat' dir='ltr'><strong>ad</strong></span> <span class='ocrx_word' id='word_1_65' title='bbox 289 1228 318 1273; x_wconf 88' lang='lat' dir='ltr'><strong>v.</strong></span> <span class='ocrx_word' id='word_1_66' title='bbox 343 1209 400 1274; x_wconf 78' lang='lat' dir='ltr'><strong>ll:</strong></span> <span class='ocrx_word' id='word_1_67' title='bbox 422 1213 478 1272; x_wconf 77' lang='lat' dir='ltr'><strong>adv</strong></span> <span class='ocrx_word' id='word_1_68' title='bbox 496 1213 557 1291; x_wconf 75' lang='grc' dir='ltr'><strong>μὲν</strong></span> <span class='ocrx_word' id='word_1_69' title='bbox 578 1207 638 1273; x_wconf 73' lang='grc' dir='ltr'><strong>οὖν</strong></span> <span class='ocrx_word' id='word_1_70' title='bbox 658 1207 873 1292; x_wconf 69' lang='grc' dir='ltr'><strong><em>ὀστρακισμόν</em></strong></span> <span class='ocrx_word' id='word_1_71' title='bbox 894 1231 922 1272; x_wconf 87' lang='grc' dir='ltr'><strong>ιι.</strong></span> <span class='ocrx_word' id='word_1_72' title='bbox 945 1232 970 1272; x_wconf 90' lang='grc' dir='ltr'><strong>ι.</strong></span> <span class='ocrx_word' id='word_1_73' title='bbox 994 1207 1023 1272; x_wconf 84' lang='grc' dir='ltr'><strong>λ.</strong></span> <span class='ocrx_word' id='word_1_74' title='bbox 1045 1207 1209 1287; x_wconf 81' lang='lat' dir='ltr'><strong>dicuntur,</strong></span> <span class='ocrx_word' id='word_1_75' title='bbox 1232 1210 1273 1276; x_wconf 89' lang='lat' dir='ltr'><strong>ab</strong></span> 
     </span>
     <span class='ocr_line' id='line_1_10' title="bbox 216 1312 1275 1400; baseline 0.004 -24"><span class='ocrx_word' id='word_1_76' title='bbox 216 1331 260 1376; x_wconf 89' lang='lat' dir='ltr'><strong>eo</strong></span> <span class='ocrx_word' id='word_1_77' title='bbox 281 1312 426 1396; x_wconf 82' lang='lat' dir='ltr'><strong>prolecta</strong></span> <span class='ocrx_word' id='word_1_78' title='bbox 448 1321 539 1399; x_wconf 87' lang='lat' dir='ltr'><strong>sunt,</strong></span> <span class='ocrx_word' id='word_1_79' title='bbox 572 1314 627 1399; x_wconf 91' lang='lat' dir='ltr'><strong>qui</strong></span> <span class='ocrx_word' id='word_1_80' title='bbox 656 1314 928 1381; x_wconf 77' lang='lat' dir='ltr'><strong>accuratissimam</strong></span> <span class='ocrx_word' id='word_1_81' title='bbox 957 1320 989 1381; x_wconf 92' lang='lat' dir='ltr'><strong>et</strong></span> <span class='ocrx_word' id='word_1_82' title='bbox 1009 1313 1275 1400; x_wconf 75' lang='lat' dir='ltr'><strong>perfectissimam</strong></span> 
     </span>
     <span class='ocr_line' id='line_1_11' title="bbox 221 1415 1274 1504; baseline 0.006 -24"><span class='ocrx_word' id='word_1_83' title='bbox 221 1415 309 1482; x_wconf 90' lang='lat' dir='ltr'><strong>urbis</strong></span> <span class='ocrx_word' id='word_1_84' title='bbox 331 1423 362 1484; x_wconf 90' lang='lat' dir='ltr'><strong>et</strong></span> <span class='ocrx_word' id='word_1_85' title='bbox 383 1437 505 1484; x_wconf 87' lang='lat' dir='ltr'><strong>morum</strong></span> <span class='ocrx_word' id='word_1_86' title='bbox 520 1419 762 1486; x_wconf 82' lang='lat' dir='ltr'><strong>Atheniensium</strong></span> <span class='ocrx_word' id='word_1_87' title='bbox 790 1418 1005 1503; x_wconf 83' lang='lat' dir='ltr'><strong>cognitionem</strong></span> <span class='ocrx_word' id='word_1_88' title='bbox 1025 1417 1176 1504; x_wconf 85' lang='lat' dir='ltr'><strong>habebat,</strong></span> <span class='ocrx_word' id='word_1_89' title='bbox 1199 1440 1274 1486; x_wconf 86' lang='lat' dir='ltr'><strong>nam</strong></span> 
     </span>
     <span class='ocr_line' id='line_1_12' title="bbox 221 1518 1273 1612; baseline 0.002 -26"><span class='ocrx_word' id='word_1_90' title='bbox 221 1520 296 1588; x_wconf 82' lang='lat' dir='ltr'><strong>vide</strong></span> <span class='ocrx_word' id='word_1_91' title='bbox 317 1522 411 1589; x_wconf 85' lang='lat' dir='ltr'><strong>modo</strong></span> <span class='ocrx_word' id='word_1_92' title='bbox 433 1523 519 1608; x_wconf 87' lang='lat' dir='ltr'><strong>quod</strong></span> <span class='ocrx_word' id='word_1_93' title='bbox 540 1523 685 1610; x_wconf 84' lang='lat' dir='ltr'><strong>scripsit:</strong></span> <span class='ocrx_word' id='word_1_94' title='bbox 717 1523 753 1586; x_wconf 81' lang='grc' dir='ltr'><strong>έν</strong></span> <span class='ocrx_word' id='word_1_95' title='bbox 775 1521 899 1612; x_wconf 74' lang='grc' dir='ltr'><strong><em>Μελίτῃ</em></strong></span> <span class='ocrx_word' id='word_1_96' title='bbox 920 1526 954 1586; x_wconf 73' lang='grc' dir='ltr'><strong>τι)</strong></span> <span class='ocrx_word' id='word_1_97' title='bbox 975 1518 1063 1605; x_wconf 73' lang='grc' dir='ltr'><strong><em>ἱερὸν</em></strong></span> <span class='ocrx_word' id='word_1_98' title='bbox 1085 1519 1125 1588; x_wconf 75' lang='grc' dir='ltr'><strong>οὗ</strong></span> <span class='ocrx_word' id='word_1_99' title='bbox 1155 1527 1214 1588; x_wconf 79' lang='grc' dir='ltr'><strong>νῦν</strong></span> <span class='ocrx_word' id='word_1_100' title='bbox 1235 1525 1273 1588; x_wconf 78' lang='grc' dir='ltr'><strong>τοὶ</strong></span> 
     </span>
     <span class='ocr_line' id='line_1_13' title="bbox 221 1626 1273 1713; baseline 0.01 -27"><span class='ocrx_word' id='word_1_101' title='bbox 221 1629 354 1710; x_wconf 81' lang='grc' dir='ltr'><strong><em>σοι’μαοιι</em></strong></span> <span class='ocrx_word' id='word_1_102' title='bbox 375 1634 439 1691; x_wconf 77' lang='grc' dir='ltr'><strong>τῶν</strong></span> <span class='ocrx_word' id='word_1_103' title='bbox 461 1631 718 1712; x_wconf 65' lang='grc' dir='ltr'><strong>θανατουμένων</strong></span> <span class='ocrx_word' id='word_1_104' title='bbox 740 1626 772 1691; x_wconf 82' lang='lat' dir='ltr'><strong>oi</strong></span> <span class='ocrx_word' id='word_1_105' title='bbox 794 1627 904 1713; x_wconf 76' lang='grc' dir='ltr'><strong><em>δήμιοι</em></strong></span> <span class='ocrx_word' id='word_1_106' title='bbox 931 1627 1171 1710; x_wconf 76' lang='grc' dir='ltr'><strong><em>προβάλλουσιν</em></strong></span> <span class='ocrx_word' id='word_1_107' title='bbox 1189 1629 1273 1696; x_wconf 70' lang='lat' dir='ltr'><strong>aad.</strong></span> 
     </span>
     <span class='ocr_line' id='line_1_14' title="bbox 221 1731 1275 1821; baseline 0.001 -25"><span class='ocrx_word' id='word_1_108' title='bbox 221 1738 254 1796; x_wconf 88' lang='lat' dir='ltr'><strong>et</strong></span> <span class='ocrx_word' id='word_1_109' title='bbox 279 1753 309 1797; x_wconf 88' lang='lat' dir='ltr'><strong>v.</strong></span> <span class='ocrx_word' id='word_1_110' title='bbox 334 1735 391 1798; x_wconf 85' lang='lat'><strong>14:</strong></span> <span class='ocrx_word' id='word_1_111' title='bbox 427 1734 525 1797; x_wconf 76' lang='grc' dir='ltr'><strong><em>ὄνοιτο</em></strong></span> <span class='ocrx_word' id='word_1_112' title='bbox 558 1732 594 1796; x_wconf 78' lang='lat' dir='ltr'><strong>ds</strong></span> <span class='ocrx_word' id='word_1_113' title='bbox 624 1737 680 1796; x_wconf 82' lang='grc' dir='ltr'><strong>τοῦ</strong></span> <span class='ocrx_word' id='word_1_114' title='bbox 714 1731 962 1812; x_wconf 77' lang='grc' dir='ltr'><strong><em>Θεμιστοκλέους</em></strong></span> <span class='ocrx_word' id='word_1_115' title='bbox 994 1733 1135 1796; x_wconf 72' lang='grc' dir='ltr'><strong><em>εἰκόνιον</em></strong></span> <span class='ocrx_word' id='word_1_116' title='bbox 1166 1733 1209 1798; x_wconf 83' lang='grc' dir='ltr'><strong>έν,</strong></span> <span class='ocrx_word' id='word_1_117' title='bbox 1231 1738 1275 1821; x_wconf 76' lang='grc' dir='ltr'><strong>τῷ</strong></span> 
     </span>
     <span class='ocr_line' id='line_1_15' title="bbox 215 1833 1276 1922; baseline 0.008 -26"><span class='ocrx_word' id='word_1_118' title='bbox 215 1839 293 1921; x_wconf 76' lang='grc' dir='ltr'><strong>ναῷ</strong></span> <span class='ocrx_word' id='word_1_119' title='bbox 311 1839 365 1919; x_wconf 78' lang='grc' dir='ltr'><strong>τῆς</strong></span> <span class='ocrx_word' id='word_1_120' title='bbox 384 1835 629 1922; x_wconf 69' lang='grc' dir='ltr'><strong><em>Ἀριστοβοίλης</em></strong></span> <span class='ocrx_word' id='word_1_121' title='bbox 645 1836 687 1900; x_wconf 76' lang='grc' dir='ltr'><strong>ἔτι</strong></span> <span class='ocrx_word' id='word_1_122' title='bbox 699 1834 778 1899; x_wconf 64' lang='grc' dir='ltr'><strong>καθ’</strong></span> <span class='ocrx_word' id='word_1_123' title='bbox 790 1833 884 1920; x_wconf 78' lang='grc' dir='ltr'><strong><em>ἡμᾶς.</em></strong></span> <span class='ocrx_word' id='word_1_124' title='bbox 929 1837 1037 1915; x_wconf 79' lang='lat' dir='ltr'><strong>Quare</strong></span> <span class='ocrx_word' id='word_1_125' title='bbox 1052 1834 1132 1902; x_wconf 86' lang='lat' dir='ltr'><strong>hacc</strong></span> <span class='ocrx_word' id='word_1_126' title='bbox 1144 1835 1276 1904; x_wconf 81' lang='lat' dir='ltr'><strong>fluxisse</strong></span> 
     </span>
     <span class='ocr_line' id='line_1_16' title="bbox 221 1941 1275 2028; baseline 0.006 -24"><span class='ocrx_word' id='word_1_127' title='bbox 221 1946 298 2025; x_wconf 94' lang='lat' dir='ltr'><strong>puto</strong></span> <span class='ocrx_word' id='word_1_128' title='bbox 335 1962 354 2007; x_wconf 91' lang='lat' dir='ltr'><strong>e</strong></span> <span class='ocrx_word' id='word_1_129' title='bbox 394 1941 599 2009; x_wconf 85' lang='lat' dir='ltr'><strong>collectaneis</strong></span> <span class='ocrx_word' id='word_1_130' title='bbox 641 1942 921 2028; x_wconf 83' lang='lat' dir='ltr'><strong>peripateticorum</strong></span> <span class='ocrx_word' id='word_1_131' title='bbox 962 1941 1114 2024; x_wconf 90' lang='lat' dir='ltr'><strong>alicuius,</strong></span> <span class='ocrx_word' id='word_1_132' title='bbox 1163 1943 1275 2026; x_wconf 87' lang='lat' dir='ltr'><strong>quales</strong></span> 
     </span>
     <span class='ocr_line' id='line_1_17' title="bbox 221 2046 1275 2132; baseline 0.006 -22"><span class='ocrx_word' id='word_1_133' title='bbox 221 2052 313 2111; x_wconf 93' lang='lat' dir='ltr'><strong>erant</strong></span> <span class='ocrx_word' id='word_1_134' title='bbox 340 2047 482 2114; x_wconf 89' lang='lat' dir='ltr'><strong>Phanias</strong></span> <span class='ocrx_word' id='word_1_135' title='bbox 511 2049 564 2114; x_wconf 86' lang='lat' dir='ltr'><strong>vel</strong></span> <span class='ocrx_word' id='word_1_136' title='bbox 593 2047 773 2132; x_wconf 86' lang='lat' dir='ltr'><strong>Neanthes,</strong></span> <span class='ocrx_word' id='word_1_137' title='bbox 802 2067 881 2132; x_wconf 89' lang='lat' dir='ltr'><strong>quos</strong></span> <span class='ocrx_word' id='word_1_138' title='bbox 912 2046 1094 2114; x_wconf 86' lang='lat' dir='ltr'><strong>doctissime</strong></span> <span class='ocrx_word' id='word_1_139' title='bbox 1124 2068 1142 2113; x_wconf 99' lang='lat' dir='ltr'><strong>e</strong></span> <span class='ocrx_word' id='word_1_140' title='bbox 1172 2049 1275 2116; x_wconf 89' lang='lat' dir='ltr'><strong>euius-</strong></span> 
     </span>
     <span class='ocr_line' id='line_1_18' title="bbox 216 2149 1277 2238; baseline 0.007 -24"><span class='ocrx_word' id='word_1_141' title='bbox 216 2149 271 2215; x_wconf 68' lang='lat' dir='ltr'><strong>nis</strong></span> <span class='ocrx_word' id='word_1_142' title='bbox 294 2152 421 2234; x_wconf 81' lang='lat' dir='ltr'><strong>generis</strong></span> <span class='ocrx_word' id='word_1_143' title='bbox 443 2152 651 2237; x_wconf 88' lang='lat' dir='ltr'><strong>scriptoribus</strong></span> <span class='ocrx_word' id='word_1_144' title='bbox 673 2152 807 2218; x_wconf 89' lang='lat' dir='ltr'><strong>collecta</strong></span> <span class='ocrx_word' id='word_1_145' title='bbox 829 2152 1058 2238; x_wconf 85' lang='lat' dir='ltr'><strong>conscripsisse</strong></span> <span class='ocrx_word' id='word_1_146' title='bbox 1087 2161 1195 2220; x_wconf 88' lang='lat' dir='ltr'><strong>notum</strong></span> <span class='ocrx_word' id='word_1_147' title='bbox 1219 2161 1277 2221; x_wconf 87' lang='lat' dir='ltr'><strong>est.</strong></span> 
     </span>
     <span class='ocr_line' id='line_1_19' title="bbox 216 2255 1275 2346; baseline 0.006 -26"><span class='ocrx_word' id='word_1_148' title='bbox 216 2255 305 2320; x_wconf 84' lang='lat' dir='ltr'><strong>-Nam</strong></span> <span class='ocrx_word' id='word_1_149' title='bbox 339 2255 535 2322; x_wconf 88' lang='lat' dir='ltr'><strong>collectanea</strong></span> <span class='ocrx_word' id='word_1_150' title='bbox 564 2257 622 2322; x_wconf 91' lang='lat' dir='ltr'><strong>illa</strong></span> <span class='ocrx_word' id='word_1_151' title='bbox 655 2256 871 2323; x_wconf 87' lang='lat' dir='ltr'><strong>aPlutarcho</strong></span> <span class='ocrx_word' id='word_1_152' title='bbox 904 2257 975 2342; x_wconf 91' lang='lat' dir='ltr'><strong>ipso</strong></span> <span class='ocrx_word' id='word_1_153' title='bbox 1005 2258 1094 2324; x_wconf 84' lang='lat' dir='ltr'><strong>facta</strong></span> <span class='ocrx_word' id='word_1_154' title='bbox 1122 2278 1194 2326; x_wconf 87' lang='lat' dir='ltr'><strong>esse</strong></span> <span class='ocrx_word' id='word_1_155' title='bbox 1218 2280 1275 2346; x_wconf 90' lang='lat' dir='ltr'><strong>pu·</strong></span> 
     </span>
     <span class='ocr_line' id='line_1_20' title="bbox 222 2359 1275 2446; baseline 0.006 -21"><span class='ocrx_word' id='word_1_156' title='bbox 222 2366 292 2426; x_wconf 88' lang='lat' dir='ltr'><strong>tare</strong></span> <span class='ocrx_word' id='word_1_157' title='bbox 326 2381 366 2426; x_wconf 89' lang='lat' dir='ltr'><strong>ea</strong></span> <span class='ocrx_word' id='word_1_158' title='bbox 395 2381 429 2427; x_wconf 93' lang='lat' dir='ltr'><strong>re</strong></span> <span class='ocrx_word' id='word_1_159' title='bbox 463 2359 600 2427; x_wconf 85' lang='lat' dir='ltr'><strong>fortasse</strong></span> <span class='ocrx_word' id='word_1_160' title='bbox 632 2367 795 2445; x_wconf 86' lang='lat' dir='ltr'><strong>vetamur,</strong></span> <span class='ocrx_word' id='word_1_161' title='bbox 827 2362 912 2446; x_wconf 86' lang='lat' dir='ltr'><strong>quod</strong></span> <span class='ocrx_word' id='word_1_162' title='bbox 941 2362 975 2427; x_wconf 93' lang='lat' dir='ltr'><strong>in</strong></span> <span class='ocrx_word' id='word_1_163' title='bbox 1009 2362 1057 2429; x_wconf 90' lang='lat' dir='ltr'><strong>eis</strong></span> <span class='ocrx_word' id='word_1_164' title='bbox 1089 2364 1176 2430; x_wconf 92' lang='lat' dir='ltr'><strong>haud</strong></span> <span class='ocrx_word' id='word_1_165' title='bbox 1202 2385 1275 2432; x_wconf 89' lang='lat' dir='ltr'><strong>raro</strong></span> 
     </span>
     <span class='ocr_line' id='line_1_21' title="bbox 221 2464 1276 2554; baseline 0.007 -24"><span class='ocrx_word' id='word_1_166' title='bbox 221 2464 344 2531; x_wconf 90' lang='lat' dir='ltr'><strong>hiatum</strong></span> <span class='ocrx_word' id='word_1_167' title='bbox 366 2465 540 2533; x_wconf 86' lang='lat' dir='ltr'><strong>admissum</strong></span> <span class='ocrx_word' id='word_1_168' title='bbox 561 2465 723 2550; x_wconf 85' lang='lat' dir='ltr'><strong>invenies,</strong></span> <span class='ocrx_word' id='word_1_169' title='bbox 755 2486 850 2550; x_wconf 89' lang='lat' dir='ltr'><strong>quem</strong></span> <span class='ocrx_word' id='word_1_170' title='bbox 869 2467 970 2550; x_wconf 87' lang='lat' dir='ltr'><strong>alias,</strong></span> <span class='ocrx_word' id='word_1_171' title='bbox 997 2474 1276 2554; x_wconf 87' lang='lat' dir='ltr'><strong>quantumcunque</strong></span> 
     </span>
     <span class='ocr_line' id='line_1_22' title="bbox 221 2571 1276 2659; baseline 0.006 -23"><span class='ocrx_word' id='word_1_172' title='bbox 221 2571 291 2638; x_wconf 86' lang='lat' dir='ltr'><strong>fieri</strong></span> <span class='ocrx_word' id='word_1_173' title='bbox 312 2579 432 2658; x_wconf 86' lang='lat' dir='ltr'><strong>potest,</strong></span> <span class='ocrx_word' id='word_1_174' title='bbox 455 2571 644 2638; x_wconf 87' lang='lat' dir='ltr'><strong>Plutarchus</strong></span> <span class='ocrx_word' id='word_1_175' title='bbox 666 2573 788 2638; x_wconf 88' lang='lat' dir='ltr'><strong>evitare</strong></span> <span class='ocrx_word' id='word_1_176' title='bbox 820 2571 926 2638; x_wconf 91' lang='lat' dir='ltr'><strong>studet</strong></span> <span class='ocrx_word' id='word_1_177' title='bbox 937 2571 970 2656; x_wconf 90' lang='lat'><strong>¹).</strong></span> <span class='ocrx_word' id='word_1_178' title='bbox 1025 2573 1090 2639; x_wconf 76' lang='lat' dir='ltr'><strong>Otr.</strong></span> <span class='ocrx_word' id='word_1_179' title='bbox 1119 2595 1149 2640; x_wconf 88' lang='lat' dir='ltr'><strong>v.</strong></span> <span class='ocrx_word' id='word_1_180' title='bbox 1180 2595 1212 2659; x_wconf 84' lang='lat' dir='ltr'><strong>g.</strong></span> <span class='ocrx_word' id='word_1_181' title='bbox 1241 2577 1276 2642; x_wconf 91' lang='lat' dir='ltr'><strong>in</strong></span> 
     </span>
     <span class='ocr_line' id='line_1_23' title="bbox 223 2676 1276 2764; baseline 0.005 -22"><span class='ocrx_word' id='word_1_182' title='bbox 223 2678 328 2762; x_wconf 88' lang='lat' dir='ltr'><strong>capite</strong></span> <span class='ocrx_word' id='word_1_183' title='bbox 350 2678 462 2745; x_wconf 88' lang='lat' dir='ltr'>XVIII</span> <span class='ocrx_word' id='word_1_184' title='bbox 485 2677 560 2762; x_wconf 91' lang='lat' dir='ltr'><strong>(hoc</strong></span> <span class='ocrx_word' id='word_1_185' title='bbox 582 2677 667 2744; x_wconf 91' lang='lat' dir='ltr'><strong>enim</strong></span> <span class='ocrx_word' id='word_1_186' title='bbox 689 2677 833 2742; x_wconf 89' lang='lat' dir='ltr'><strong>eiusdem</strong></span> <span class='ocrx_word' id='word_1_187' title='bbox 856 2676 955 2743; x_wconf 84' lang='lat' dir='ltr'><strong>sontis</strong></span> <span class='ocrx_word' id='word_1_188' title='bbox 977 2696 1048 2743; x_wconf 89' lang='lat' dir='ltr'><strong>csse</strong></span> <span class='ocrx_word' id='word_1_189' title='bbox 1069 2678 1161 2764; x_wconf 90' lang='lat' dir='ltr'><strong>puto)</strong></span> <span class='ocrx_word' id='word_1_190' title='bbox 1184 2701 1214 2746; x_wconf 84' lang='lat' dir='ltr'><strong>v.</strong></span> <span class='ocrx_word' id='word_1_191' title='bbox 1235 2683 1276 2748; x_wconf 79' lang='lat'><strong>12</strong></span> 
     </span>
     <span class='ocr_line' id='line_1_24' title="bbox 153 2778 1278 2868; baseline 0.001 -22"><span class='ocrx_word' id='word_1_192' title='bbox 153 2857 155 2862; x_wconf 23' lang='lat'><strong>¹</strong></span> <span class='ocrx_word' id='word_1_193' title='bbox 223 2781 267 2865; x_wconf 91' lang='lat' dir='ltr'><strong>(p.</strong></span> <span class='ocrx_word' id='word_1_194' title='bbox 289 2780 368 2864; x_wconf 74' lang='lat'>237)</span> <span class='ocrx_word' id='word_1_195' title='bbox 400 2780 468 2843; x_wconf 79' lang='grc' dir='ltr'><strong><em>οὔτε</em></strong></span> <span class='ocrx_word' id='word_1_196' title='bbox 499 2781 539 2844; x_wconf 86' lang='grc' dir='ltr'><strong>σι)</strong></span> <span class='ocrx_word' id='word_1_197' title='bbox 558 2778 752 2864; x_wconf 64' lang='grc' dir='ltr'><strong><em>Ἀθηναῖοι,</em></strong></span> <span class='ocrx_word' id='word_1_198' title='bbox 781 2801 812 2845; x_wconf 85' lang='lat' dir='ltr'><strong>v.</strong></span> <span class='ocrx_word' id='word_1_199' title='bbox 834 2781 892 2846; x_wconf 78' lang='lat'><strong>20:</strong></span> <span class='ocrx_word' id='word_1_200' title='bbox 925 2781 1006 2858; x_wconf 70' lang='grc' dir='ltr'><strong><em>ἐμοῦ</em></strong></span> <span class='ocrx_word' id='word_1_201' title='bbox 1035 2784 1077 2864; x_wconf 72' lang='grc' dir='ltr'><strong>μὴ</strong></span> <span class='ocrx_word' id='word_1_202' title='bbox 1108 2786 1278 2868; x_wconf 72' lang='grc' dir='ltr'><strong><em>γενομένης</em></strong></span> 
     </span>
     <span class='ocr_line' id='line_1_25' title="bbox 217 2881 1096 2969; baseline 0.003 -21"><span class='ocrx_word' id='word_1_203' title='bbox 217 2885 259 2948; x_wconf 75' lang='grc' dir='ltr'><strong>σὺ</strong></span> <span class='ocrx_word' id='word_1_204' title='bbox 282 2881 531 2969; x_wconf 68' lang='grc' dir='ltr'><strong><em>οένᾶνῆσέέας</em></strong></span> <span class='ocrx_word' id='word_1_205' title='bbox 555 2887 666 2951; x_wconf 71' lang='lat' dir='ltr'><strong>aar:</strong></span> <span class='ocrx_word' id='word_1_206' title='bbox 690 2881 893 2967; x_wconf 63' lang='lat' dir='ltr'><strong>posidonius</strong></span> <span class='ocrx_word' id='word_1_207' title='bbox 916 2883 1096 2966; x_wconf 75' lang='grc' dir='ltr'><strong><em>νῦνὺμιτς.</em></strong></span> 
     </span>
    </p>

    <p class='ocr_par' dir='ltr' id='par_1_3' title="bbox 219 2988 1279 3916">
     <span class='ocr_line' id='line_1_26' title="bbox 288 2988 1277 3074; baseline 0.003 -16"><span class='ocrx_word' id='word_1_208' title='bbox 288 2989 354 3058; x_wconf 87' lang='lat' dir='ltr'><strong>Sed</strong></span> <span class='ocrx_word' id='word_1_209' title='bbox 373 3009 456 3074; x_wconf 87' lang='lat' dir='ltr'><strong>quae</strong></span> <span class='ocrx_word' id='word_1_210' title='bbox 477 2989 553 3057; x_wconf 92' lang='lat' dir='ltr'><strong>inde</strong></span> <span class='ocrx_word' id='word_1_211' title='bbox 575 3011 596 3055; x_wconf 93' lang='lat' dir='ltr'><strong>a</strong></span> <span class='ocrx_word' id='word_1_212' title='bbox 619 3011 648 3057; x_wconf 86' lang='lat' dir='ltr'><strong>v.</strong></span> <span class='ocrx_word' id='word_1_213' title='bbox 671 2991 721 3056; x_wconf 82' lang='lat' dir='ltr'><strong>ll.</strong></span> <span class='ocrx_word' id='word_1_214' title='bbox 745 3009 775 3056; x_wconf 58' lang='grc' dir='ltr'><strong>οι</strong></span> <span class='ocrx_word' id='word_1_215' title='bbox 793 2990 892 3057; x_wconf 89' lang='lat' dir='ltr'>XXII</span> <span class='ocrx_word' id='word_1_216' title='bbox 921 2988 961 3056; x_wconf 86' lang='lat' dir='ltr'><strong>de</strong></span> <span class='ocrx_word' id='word_1_217' title='bbox 990 2993 1177 3060; x_wconf 88' lang='lat' dir='ltr'><strong>ostracismo</strong></span> <span class='ocrx_word' id='word_1_218' title='bbox 1203 2995 1277 3062; x_wconf 90' lang='lat' dir='ltr'><strong>Plu·</strong></span> 
     </span>
     <span class='ocr_line' id='line_1_27' title="bbox 221 3094 1278 3184; baseline 0.008 -24"><span class='ocrx_word' id='word_1_219' title='bbox 221 3095 350 3162; x_wconf 88' lang='lat' dir='ltr'><strong>tarchns</strong></span> <span class='ocrx_word' id='word_1_220' title='bbox 373 3095 521 3180; x_wconf 85' lang='lat' dir='ltr'><strong>exponit,</strong></span> <span class='ocrx_word' id='word_1_221' title='bbox 550 3094 729 3162; x_wconf 86' lang='lat' dir='ltr'><strong>arctissime</strong></span> <span class='ocrx_word' id='word_1_222' title='bbox 750 3114 822 3161; x_wconf 90' lang='lat' dir='ltr'><strong>cnm</strong></span> <span class='ocrx_word' id='word_1_223' title='bbox 842 3100 912 3161; x_wconf 87' lang='lat' dir='ltr'><strong>tota</strong></span> <span class='ocrx_word' id='word_1_224' title='bbox 932 3095 1157 3164; x_wconf 83' lang='lat' dir='ltr'><strong>Themistoclis</strong></span> <span class='ocrx_word' id='word_1_225' title='bbox 1178 3099 1278 3184; x_wconf 79' lang='lat' dir='ltr'><strong>fugae</strong></span> 
     </span>
     <span class='ocr_line' id='line_1_28' title="bbox 222 3198 1278 3285; baseline 0.005 -21"><span class='ocrx_word' id='word_1_226' title='bbox 222 3199 407 3266; x_wconf 84' lang='lat' dir='ltr'><strong>narratione</strong></span> <span class='ocrx_word' id='word_1_227' title='bbox 429 3199 617 3283; x_wconf 86' lang='lat' dir='ltr'><strong>cohaerent,</strong></span> <span class='ocrx_word' id='word_1_228' title='bbox 638 3198 679 3265; x_wconf 91' lang='lat' dir='ltr'><strong>de</strong></span> <span class='ocrx_word' id='word_1_229' title='bbox 701 3218 765 3282; x_wconf 84' lang='lat' dir='ltr'><strong>qua</strong></span> <span class='ocrx_word' id='word_1_230' title='bbox 779 3199 970 3265; x_wconf 86' lang='lat' dir='ltr'><strong>Plutarchus</strong></span> <span class='ocrx_word' id='word_1_231' title='bbox 984 3201 1143 3285; x_wconf 90' lang='lat' dir='ltr'><strong>capitibus</strong></span> <span class='ocrx_word' id='word_1_232' title='bbox 1165 3201 1278 3269; x_wconf 90' lang='lat' dir='ltr'>XXIII</span> 
     </span>
     <span class='ocr_line' id='line_1_29' title="bbox 219 3303 1278 3390; baseline 0.004 -18"><span class='ocrx_word' id='word_1_233' title='bbox 219 3312 255 3372; x_wconf 89' lang='lat' dir='ltr'><strong>et</strong></span> <span class='ocrx_word' id='word_1_234' title='bbox 276 3306 400 3388; x_wconf 90' lang='lat' dir='ltr'>XXIV,</span> <span class='ocrx_word' id='word_1_235' title='bbox 424 3304 584 3372; x_wconf 88' lang='lat' dir='ltr'><strong>Diodorus</strong></span> <span class='ocrx_word' id='word_1_236' title='bbox 605 3325 632 3370; x_wconf 90' lang='lat' dir='ltr'><strong>c.</strong></span> <span class='ocrx_word' id='word_1_237' title='bbox 654 3305 707 3387; x_wconf 79' lang='lat'><strong>54,</strong></span> <span class='ocrx_word' id='word_1_238' title='bbox 728 3305 867 3388; x_wconf 81' lang='lat'><strong>3-55,</strong></span> <span class='ocrx_word' id='word_1_239' title='bbox 888 3303 1095 3390; x_wconf 88' lang='lat' dir='ltr'><strong>Thucydides</strong></span> <span class='ocrx_word' id='word_1_240' title='bbox 1117 3306 1132 3370; x_wconf 94' lang='lat' dir='ltr'><strong>l</strong></span> <span class='ocrx_word' id='word_1_241' title='bbox 1162 3328 1188 3373; x_wconf 91' lang='lat' dir='ltr'><strong>c.</strong></span> <span class='ocrx_word' id='word_1_242' title='bbox 1216 3311 1278 3376; x_wconf 82' lang='lat'><strong>135</strong></span> 
     </span>
     <span class='ocr_line' id='line_1_30' title="bbox 222 3407 1276 3496; baseline 0.002 -19"><span class='ocrx_word' id='word_1_243' title='bbox 222 3420 254 3477; x_wconf 85' lang='lat' dir='ltr'><strong>et</strong></span> <span class='ocrx_word' id='word_1_244' title='bbox 279 3412 358 3495; x_wconf 89' lang='grc'><strong>136,</strong></span> <span class='ocrx_word' id='word_1_245' title='bbox 381 3413 488 3496; x_wconf 85' lang='lat' dir='ltr'><strong>Nepos</strong></span> <span class='ocrx_word' id='word_1_246' title='bbox 511 3431 581 3496; x_wconf 88' lang='lat' dir='ltr'><strong>cap.</strong></span> <span class='ocrx_word' id='word_1_247' title='bbox 603 3410 623 3476; x_wconf 91' lang='lat'>8</span> <span class='ocrx_word' id='word_1_248' title='bbox 645 3407 842 3476; x_wconf 86' lang='lat' dir='ltr'><strong>rettulerunt.</strong></span> <span class='ocrx_word' id='word_1_249' title='bbox 886 3410 993 3494; x_wconf 83' lang='lat' dir='ltr'><strong>Atque</strong></span> <span class='ocrx_word' id='word_1_250' title='bbox 1015 3409 1049 3475; x_wconf 92' lang='lat' dir='ltr'><strong>hi</strong></span> <span class='ocrx_word' id='word_1_251' title='bbox 1071 3431 1181 3479; x_wconf 90' lang='lat' dir='ltr'><strong>omnes</strong></span> <span class='ocrx_word' id='word_1_252' title='bbox 1203 3433 1276 3480; x_wconf 92' lang='lat' dir='ltr'><strong>con-</strong></span> 
     </span>
     <span class='ocr_line' id='line_1_31' title="bbox 223 3513 1278 3599; baseline 0.002 -18"><span class='ocrx_word' id='word_1_253' title='bbox 223 3516 365 3581; x_wconf 86' lang='lat' dir='ltr'><strong>sentiunt</strong></span> <span class='ocrx_word' id='word_1_254' title='bbox 396 3515 481 3599; x_wconf 91' lang='lat' dir='ltr'><strong>quod</strong></span> <span class='ocrx_word' id='word_1_255' title='bbox 513 3514 639 3598; x_wconf 89' lang='lat' dir='ltr'><strong>dicunt,</strong></span> <span class='ocrx_word' id='word_1_256' title='bbox 674 3513 922 3580; x_wconf 84' lang='lat' dir='ltr'><strong>Themistoclem</strong></span> <span class='ocrx_word' id='word_1_257' title='bbox 960 3534 1018 3598; x_wconf 90' lang='lat' dir='ltr'><strong>per</strong></span> <span class='ocrx_word' id='word_1_258' title='bbox 1060 3515 1278 3583; x_wconf 89' lang='lat' dir='ltr'><strong>ostracismum</strong></span> 
     </span>
     <span class='ocr_line' id='line_1_32' title="bbox 223 3618 1277 3707; baseline 0 -19"><span class='ocrx_word' id='word_1_259' title='bbox 223 3621 548 3707; x_wconf 82' lang='lat' dir='ltr'><strong>Athenis&#39;expnlsum</strong></span> <span class='ocrx_word' id='word_1_260' title='bbox 576 3622 681 3704; x_wconf 77' lang='lat' dir='ltr'><strong>Argos</strong></span> <span class='ocrx_word' id='word_1_261' title='bbox 704 3638 739 3685; x_wconf 92' lang='lat' dir='ltr'><strong>se</strong></span> <span class='ocrx_word' id='word_1_262' title='bbox 762 3618 951 3704; x_wconf 89' lang='lat' dir='ltr'><strong>contulisse,</strong></span> <span class='ocrx_word' id='word_1_263' title='bbox 983 3619 1059 3686; x_wconf 90' lang='lat' dir='ltr'><strong>inde</strong></span> <span class='ocrx_word' id='word_1_264' title='bbox 1081 3640 1176 3706; x_wconf 86' lang='lat' dir='ltr'><strong>vero,</strong></span> <span class='ocrx_word' id='word_1_265' title='bbox 1207 3642 1277 3688; x_wconf 92' lang='lat' dir='ltr'><strong>cum</strong></span> 
     </span>
     <span class='ocr_line' id='line_1_33' title="bbox 219 3723 1279 3814; baseline 0.001 -21"><span class='ocrx_word' id='word_1_266' title='bbox 219 3726 413 3814; x_wconf 88' lang='lat' dir='ltr'><strong>proditionis</strong></span> <span class='ocrx_word' id='word_1_267' title='bbox 443 3748 464 3792; x_wconf 86' lang='lat' dir='ltr'><strong>a</strong></span> <span class='ocrx_word' id='word_1_268' title='bbox 497 3723 764 3793; x_wconf 84' lang='lat' dir='ltr'><strong>Lacedaemoniis</strong></span> <span class='ocrx_word' id='word_1_269' title='bbox 794 3731 1012 3809; x_wconf 85' lang='lat' dir='ltr'><strong>accusaretur,</strong></span> <span class='ocrx_word' id='word_1_270' title='bbox 1045 3725 1220 3810; x_wconf 84' lang='lat' dir='ltr'><strong>Corcyram</strong></span> <span class='ocrx_word' id='word_1_271' title='bbox 1247 3734 1279 3794; x_wconf 86' lang='lat' dir='ltr'><strong>ct</strong></span> 
     </span>
     <span class='ocr_line' id='line_1_34' title="bbox 224 3826 1279 3916; baseline -0.001 -19"><span class='ocrx_word' id='word_1_272' title='bbox 224 3831 369 3916; x_wconf 82' lang='lat' dir='ltr'><strong>Corcyra</strong></span> <span class='ocrx_word' id='word_1_273' title='bbox 389 3830 433 3895; x_wconf 83' lang='lat' dir='ltr'><strong>ad</strong></span> <span class='ocrx_word' id='word_1_274' title='bbox 455 3828 625 3896; x_wconf 85' lang='lat' dir='ltr'><strong>Admetum</strong></span> <span class='ocrx_word' id='word_1_275' title='bbox 646 3827 856 3894; x_wconf 85' lang='lat' dir='ltr'><strong>Molossomm</strong></span> <span class='ocrx_word' id='word_1_276' title='bbox 878 3847 988 3913; x_wconf 86' lang='lat' dir='ltr'><strong>regem</strong></span> <span class='ocrx_word' id='word_1_277' title='bbox 1010 3826 1120 3912; x_wconf 82' lang='lat' dir='ltr'><strong>fugam</strong></span> <span class='ocrx_word' id='word_1_278' title='bbox 1140 3832 1279 3916; x_wconf 89' lang='lat' dir='ltr'><strong>capessi-</strong></span> 
     </span>
    </p>
   </div>
   <div class='ocr_carea' id='block_1_3' title="bbox 223 4053 1281 4319">
    <p class='ocr_par' dir='ltr' id='par_1_4' title="bbox 223 4053 1281 4319">
     <span class='ocr_line' id='line_1_35' title="bbox 223 4053 1281 4143; baseline -0.002 -16"><span class='ocrx_word' id='word_1_279' title='bbox 223 4073 227 4080; x_wconf 77' lang='grc'><strong>’</strong></span> <span class='ocrx_word' id='word_1_280' title='bbox 298 4072 325 4143; x_wconf 84' lang='grc' dir='ltr'><strong>ι)</strong></span> <span class='ocrx_word' id='word_1_281' title='bbox 343 4071 373 4127; x_wconf 88' lang='lat' dir='ltr'><strong>c.</strong></span> <span class='ocrx_word' id='word_1_282' title='bbox 391 4070 529 4136; x_wconf 73' lang='lat' dir='ltr'><strong>suana,</strong></span> <span class='ocrx_word' id='word_1_283' title='bbox 547 4071 582 4127; x_wconf 74' lang='grc' dir='ltr'><strong>τι</strong></span> <span class='ocrx_word' id='word_1_284' title='bbox 600 4069 682 4126; x_wconf 76' lang='lat' dir='ltr'><strong>hiatu</strong></span> <span class='ocrx_word' id='word_1_285' title='bbox 702 4070 731 4125; x_wconf 77' lang='lat' dir='ltr'><strong>n</strong></span> <span class='ocrx_word' id='word_1_286' title='bbox 745 4067 893 4124; x_wconf 69' lang='lat' dir='ltr'><strong>clueant</strong></span> <span class='ocrx_word' id='word_1_287' title='bbox 911 4065 979 4123; x_wconf 68' lang='grc' dir='ltr'><strong>σοι</strong></span> <span class='ocrx_word' id='word_1_288' title='bbox 995 4053 1141 4137; x_wconf 61' lang='lat' dir='ltr'><strong>panon·</strong></span> <span class='ocrx_word' id='word_1_289' title='bbox 1159 4068 1281 4138; x_wconf 67' lang='lat' dir='ltr'><strong>opacae</strong></span> 
     </span>
     <span class='ocr_line' id='line_1_36' title="bbox 224 4155 1280 4230; baseline -0.001 -15"><span class='ocrx_word' id='word_1_290' title='bbox 224 4160 261 4214; x_wconf 87' lang='lat' dir='ltr'><strong>ad</strong></span> <span class='ocrx_word' id='word_1_291' title='bbox 281 4158 475 4215; x_wconf 82' lang='lat' dir='ltr'><strong>Hermannnm</strong></span> <span class='ocrx_word' id='word_1_292' title='bbox 499 4159 670 4230; x_wconf 84' lang='lat' dir='ltr'><strong>Sauppium,</strong></span> <span class='ocrx_word' id='word_1_293' title='bbox 694 4158 750 4213; x_wconf 83' lang='lat' dir='ltr'><strong>vol.</strong></span> <span class='ocrx_word' id='word_1_294' title='bbox 771 4157 810 4212; x_wconf 89' lang='lat' dir='ltr'><strong>IV</strong></span> <span class='ocrx_word' id='word_1_295' title='bbox 831 4155 967 4214; x_wconf 82' lang='lat' dir='ltr'><strong>adltionis</strong></span> <span class='ocrx_word' id='word_1_296' title='bbox 988 4155 1197 4214; x_wconf 82' lang='lat' dir='ltr'><strong>Sintenisianae</strong></span> <span class='ocrx_word' id='word_1_297' title='bbox 1222 4177 1280 4214; x_wconf 89' lang='lat' dir='ltr'><strong>ma·</strong></span> 
     </span>
     <span class='ocr_line' id='line_1_37' title="bbox 224 4248 487 4319; baseline -0.008 -15"><span class='ocrx_word' id='word_1_298' title='bbox 224 4248 292 4304; x_wconf 83' lang='lat' dir='ltr'><strong>ioris</strong></span> <span class='ocrx_word' id='word_1_299' title='bbox 311 4266 338 4319; x_wconf 87' lang='lat' dir='ltr'><strong>p.</strong></span> <span class='ocrx_word' id='word_1_300' title='bbox 357 4251 412 4304; x_wconf 78' lang='grc'><strong>323</strong></span> <span class='ocrx_word' id='word_1_301' title='bbox 429 4267 487 4318; x_wconf 82' lang='lat' dir='ltr'><strong>seq.</strong></span> 
     </span>
    </p>
   </div>
   <div class='ocr_carea' id='block_1_4' title="bbox 0 0 1488 4772">
    <p class='ocr_par' dir='ltr' id='par_1_5' title="bbox 0 0 1488 4772">
     <span class='ocr_line' id='line_1_38' title="bbox 0 0 1488 4772; baseline 0 0"><span class='ocrx_word' id='word_1_302' title='bbox 0 0 1488 4772; x_wconf 95' lang='lat' dir='ltr'><strong> </strong></span> 
     </span>
    </p>
   </div>
  </div>
 </body>
</html>
