2954 4772
694 257 736 322 aa
794 219 795 224 ί

189 437 376 507 daemonico
398 436 478 503 facit
497 434 714 522 postulantes,
748 438 783 498 ut
812 431 846 498 in
868 432 1026 498 communi
1048 432 1246 502 Graecorum

189 550 347 610 conventu
380 563 445 608 non
483 540 610 626 privato
639 536 883 604 Atheniensium
915 536 1035 608 iudicio
1070 536 1110 605 de
1146 561 1245 607 causa
1338 555 1340 560 '

189 647 413 714 Themistoclis
424 650 678 730 cognosceretur,
700 642 810 729 (Diod.
833 642 933 727 55,4:
956 645 1010 703 aar
1025 640 1095 704 dato
1116 643 1245 727 ἔφασαν

189 754 253 814 τῶν
282 752 398 814 κοινῶν
421 751 474 834 τῆς
491 745 655 820 ,Ἑλλάδος
686 744 895 830 ἀδικημάτων
932 745 1015 808 sluaa
1044 747 1101 830 τὴν
1132 751 1243 830 κρίσιν,

190 852 250 920 οὐκ
278 853 348 934 ίδίᾳ
375 853 467 936 παρὰ
496 862 561 927 τοῖς
584 849 790 936 Ἀθηναίοις,
821 847 893 913 ἀλλ’
915 849 982 912 tut
1005 854 1078 914 σοῦ
1099 859 1245 918 κοινοῦ

191 957 414 1039 συνεδρίου
441 960 518 1020 σοῖν
545 955 777 1038 Ἑλλήνων,
813 955 897 1020 Plut.
927 975 954 1020 c.
981 956 1096 1022 XXIII
1130 977 1155 1024 s.
1177 958 1245 1024 fin:

191 1061 209 1128 ὁ
232 1062 333 1147 δῆμος
354 1063 502 1144 ἔπεμψεν
530 1059 655 1142 ἄνδρας
677 1105 686 1123 .
710 1105 718 1122 .
742 1105 750 1122 .
775 1109 782 1123 .
806 1059 897 1138 οἴγειν
927 1057 1027 1122 αὐτὸν
1053 1063 1245 1147 κριθησό-

189 1189 313 1250 μενον
332 1166 374 1230 lv
398 1159 490 1240 Ιτοῖς
505 1165 723 1251 Ἕλλησιν),
757 1185 828 1230 curn
851 1164 1058 1249 Thucydides
1080 1187 1121 1232 nc
1152 1168 1246 1236 huius

189 1273 318 1358 quidem
339 1272 387 1338 rei
407 1267 604 1339 mentionem
634 1269 742 1337 iaciat
786 1269 950 1353 Denique,
972 1269 1005 1334 id
1037 1272 1121 1354 quod
1144 1275 1245 1339 maxi·

189 1379 234 1445 mi
253 1377 414 1445 momenti
434 1382 492 1461 est,
513 1376 627 1441 mirum
647 1376 684 1441 in,
710 1375 839 1442 modum
861 1375 1051 1442 Plutarchus
1073 1384 1106 1443 et
1126 1377 1245 1445 Diodo·

190 1502 245 1548 rus
266 1481 300 1546 iu
314 1480 434 1547 iudicio
454 1481 674 1565 consentiunt,
696 1479 783 1565 quod
804 1479 845 1546 de
867 1480 1004 1547 veritate
1026 1481 1141 1567 culpae
1162 1483 1246 1548 'Phe-

190 1585 375 1652 mistocleae
407 1586 522 1652 ferunt
567 1586 648 1652 Oum
679 1585 765 1652 enim
787 1585 994 1670 Thucydides
1030 1588 1169 1654 sensisse
1199 1590 1246 1653 vi-

193 1692 315 1776 deutur,
326 1691 394 1756 iure
410 1712 482 1758 eum
488 1691 679 1777 proditionis
691 1711 762 1758 esse
773 1696 958 1758 accusatum
970 1699 1002 1758 et
1013 1691 1199 1760 damnatum
1210 1695 1245 1782 ¹),

172 1825 174 1832 ⁴
193 1796 354 1863 Diodorus
375 1803 409 1862 et
420 1796 611 1864 Plutarchus
633 1796 781 1881 afferunt,
802 1796 998 1862 Pausaniam
1012 1797 1136 1864 litteras
1156 1793 1252 1867 illum'

191 1900 320 1985 quidem
348 1899 396 1970 ad,
411 1900 659 1967 Themistoclem
688 1900 832 1983 misisse,
862 1900 944 1966 hunc
973 1908 1081 1966 autem
1110 1905 1246 1970 consilia

192 2007 261 2074 cius
290 2006 402 2092 procul
423 2027 448 2070 a,
466 2026 501 2072 se
522 2005 673 2072 reiecisse
702 2011 799 2089 atque
832 2006 867 2071 in
899 2025 937 2072 eo
960 2006 1062 2073 solum
1084 2029 1246 2096 peccasse,

193 2110 278 2195 quod
299 2111 496 2176 Pausaniam
518 2130 583 2175 non
604 2116 804 2188 accusasset,
838 2109 895 2176 sed
917 2110 1044 2176 silentio
1067 2132 1133 2176 rem
1155 2133 1247 2198 prae

192 2214 340 2282 teriisset.
390 2213 442 2278 Ita
470 2234 547 2296 vero
569 2213 732 2298 Ephorum
760 2213 843 2278 hanc
881 2233 1011 2279 causam
1049 2215 1247 2284 intellexisse

192 2318 279 2386 felici
301 2317 428 2387 tertuum
449 2318 570 2384 factum
592 2323 697 2384 estut
720 2317 914 2384 demostrare
937 2319 1105 2403 possimus.
1149 2322 1186 2386 In
1209 2322 1246 2388 li·

192 2425 275 2490 bello
298 2423 383 2489 enim
414 2443 508 2507 quem
536 2422 577 2489 de
608 2423 683 2488 mal.
706 2425 781 2490 Her.
794 2422 993 2490 Plutarchus
1020 2426 1150 2511 scripsit
1172 2449 1248 2512 pag.

192 2527 256 2593 855
278 2528 314 2592 F.
344 2526 440 2592 dicit:
473 2526 580 2607 ὥσπερ
611 2531 684 2609 περὶ
717 2527 966 2607 (diplomaticus
988 2528 1154 2612 Ἔφορος
1186 2536 1248 2612 μὲν

191 2631 292 2695 εἰπών
314 2631 361 2704 ὄπ
382 2632 438 2715 τὴν
461 2635 660 2706 Παυσανίου,
673 2632 853 2712 προδοσίαν
865 2630 989 2710 datram
1012 2638 1066 2696 καί
1083 2634 1119 2698 tol
1141 2655 1247 2718 πρασ-

192 2739 313 2818 σόμενα
335 2737 415 2818 πρὸς
435 2737 507 2811 τούς
528 2734 687 2815 βασιλέως
708 2736 912 2820 στρατηγούς·
936 2735 1008 2800 ἀλλ’
1030 2737 1088 2801 orla
1110 2739 1246 2826 ἐπείσθη

193 2843 300 2924 φησίν,
323 2839 397 2904 olda
426 2840 636 2924 προςοόίξατο
658 2838 859 2923 καλουμένου
893 2847 947 2904 καί
980 2843 1247 2928 παρακαλοῦντος

194 2939 293 3009 αὐτὸν
314 2942 369 3006 dni
389 2943 446 3016 τὰς
467 2941 612 3016 ἐλπίδας.

257 3046 423 3114 Dubitatio
444 3047 543 3131 igitur
565 3049 653 3116 nulla
674 3049 802 3116 admitti
822 3056 937 3136 potest,
959 3051 1036 3135 quin
1057 3051 1247 3119 Plutarchus

194 3149 269 3216 inde
291 3173 313 3216 a
334 3151 441 3217 verbis
462 3151 502 3238 (ο.
516 3151 623 3238 XXII,
646 3175 676 3219 v.
691 3156 728 3219 ll
753 3153 1011 3241 ρ.241)τὸνμὲν
1025 3151 1247 3237 οὖνέξοστρα-

194 3253 309 3337 κισμόν
330 3277 358 3319 a.
383 3277 408 3318 τ.
430 3251 458 3318 ί.
481 3255 557 3322 item
579 3263 614 3323 ut
636 3257 797 3324 Diodorus
818 3257 948 3344 Ephom
973 3279 1048 3324 usus
1070 3259 1121 3342 sit,
1144 3280 1247 3343 neque

193 3359 288 3427 aliter
310 3368 495 3445 comparata
517 3369 591 3428 sunt
614 3382 696 3446 quae
718 3363 752 3429 in
775 3383 846 3450 cap.
867 3365 979 3430 XXIV
1000 3355 1040 3431 de
1063 3364 1143 3449 iuga
1164 3366 1246 3431 The·

192 3465 347 3534 mistoclis
366 3465 464 3549 Argis
486 3466 529 3532 ad
543 3466 714 3535 Admetum
736 3466 824 3534 facta
845 3489 946 3553 usquc
968 3468 1011 3534 ad
1034 3470 1134 3535 verba
1167 3470 1247 3535 ἔνιοι

190 3571 251 3650 μὲν
273 3563 333 3630 οὖν
355 3567 398 3653 (v.
418 3570 438 3634 8
460 3591 490 3655 p.
514 3570 592 3656 243)
623 3571 800 3638 traduntur.
844 3572 978 3640 Diodori
1002 3572 1129 3656 quidem
1162 3594 1246 3640 com·

191 3671 360 3756 paratione
382 3692 448 3738 non
469 3673 601 3739 multum
623 3675 800 3760 lucramur,
833 3677 910 3761 quia
933 3677 1060 3742 brevior
1080 3685 1130 3744 est
1150 3698 1247 3762 quam

193 3771 318 3858 dequo
343 3776 423 3842 certi
452 3775 625 3860 quidquam
648 3778 785 3845 iudicari
807 3781 925 3866 possit,
956 3787 988 3846 et
1020 3801 1103 3864 quae
1124 3783 1247 3867 profert

194 3885 343 3962 corrupta
376 3886 450 3946 suut
478 3879 563 3967 (cap.
596 3882 655 3966 56,
682 3887 724 3969 l).
783 3885 891 3951 Siculo
924 3892 1031 3950 autem
1064 3887 1246 3952 accuratius

193 3980 382 4048 Plutarchus
414 3984 526 4068 fugam
548 3985 772 4054 Themistoclis
794 3987 978 4074 descripsit,
1015 4007 1117 4072 neque
1139 4009 1245 4072 quem-

194 4127 481 4137 -—--———-—-

268 4216 293 4284 ll
312 4213 362 4269 cir.
378 4215 542 4282 Pierson,
561 4218 581 4272 l.
600 4217 619 4272 l.
638 4237 704 4290 pag.
723 4221 766 4276 59.
