2954 4772
224 461 340 549 irogm.
361 461 433 532 het.
456 461 510 530 Gr.
532 461 550 529 1
570 483 601 548 p.
623 463 687 532 397
710 463 926 550 fragmentum
947 463 1066 552 legitur
1084 465 1268 543 Phuochori

224 589 265 636 ex
295 567 425 636 Aeliani
452 569 491 635 N.
513 567 551 634 A.
572 569 648 656 XII,
671 570 714 638 35
743 569 958 658 desumptum,
1000 591 1062 656 quo
1090 579 1126 639 ot
1153 573 1189 639 in
1215 572 1277 642 hoc

224 673 330 762 eapite
359 682 523 758 narratur,
543 674 725 762 Xanthippi
747 696 845 744 canes
868 676 1118 744 Atheniensibus
1140 677 1174 745 in
1197 678 1278 746 clas·
1395 687 1397 690 ’

224 801 292 849 sem
324 778 578 863 denigrantibus
614 801 679 848 una
712 800 784 848 eum
813 781 942 852 domino
972 782 1206 851 transmittente
1237 803 1277 850 ex

223 887 330 954 Attica
352 885 386 951 in
400 884 597 952 Salaminem
618 885 757 977 insulam
778 886 921 955 natando
935 887 1107 956 traiecisse.
1150 888 1277 957 Deinde

223 993 283 1063 sub
305 991 400 1058 finem
424 989 539 1076 capitis
569 1011 684 1060 nomen
705 993 769 1061 loci
790 993 876 1066 illius
899 993 953 1078 qui
976 1000 1025 1061 est
1056 994 1091 1060 in
1112 994 1277 1064 Salamine

221 1097 328 1167 insula
352 1094 545 1178 Kovc'coqpc
565 1095 640 1165 inde
662 1103 766 1164 ortum
787 1117 858 1166 esse
880 1097 998 1166 dieitur
1019 1099 1096 1182 quia
1124 1098 1171 1165 ihi
1192 1105 1277 1168 esset

222 1201 425 1290 appareatis
456 1200 543 1268 illius
573 1202 769 1290 Xanthippi,
809 1218 871 1288 quo
905 1203 1023 1272 certius
1052 1211 1276 1288 argumentum

219 1305 450 1376 Philochoreae
471 1306 670 1374 auctoritatis
691 1307 748 1373 vix
769 1307 907 1376 inveniri
928 1314 1042 1394 potest.
1084 1308 1178 1376 Illum
1189 1309 1275 1384 enim

221 1431 299 1498 prae
330 1409 404 1478 aliis
432 1410 579 1477 omnihus
612 1409 648 1477 id
669 1410 809 1478 maxime
828 1473 833 1492 „
841 1411 947 1497 egisse
981 1419 1015 1479 ut
1046 1413 1276 1499 etymologiam

220 1517 389 1584 adhiberet
421 1515 464 1582 ad
496 1515 746 1584 confirmandam
780 1537 870 1584 suurn
909 1517 1141 1605 narrationem,
1178 1518 1275 1600 facile
1355 1561 1357 1566 -

220 1621 374 1692 concedes
395 1621 424 1688 si
445 1620 616 1688 contuleris
636 1642 719 1706 quae
741 1622 891 1707 leguntur
913 1623 948 1689 in
976 1623 1147 1710 fragment.
1167 1627 1198 1712 6,
1223 1627 1273 1706 10,

221 1733 273 1813 12,
297 1729 347 1815 16,
370 1728 388 1793 7
394 1728 422 1813 1,
446 1726 603 1812 151,186
632 1726 715 1794 aliis.
784 1727 856 1794 Iam
885 1749 961 1796 vero
993 1730 1111 1816 optime
1134 1730 1178 1797 ad
1199 1731 1273 1798 Phi-

218 1835 383 1904 loehorum
409 1830 547 1916 quadrat
580 1831 665 1916 quod
694 1839 981 1900 commemorantur
1013 1835 1048 1901 in
1076 1835 1136 1902 hoo
1168 1837 1273 1924 capite

218 1949 332 2027 oppeto
368 1935 525 2019 δαιμόνια
556 1940 611 2000 acl
642 1940 795 2023 χρησμοί,
831 1959 914 2023 quae
938 1939 1166 2028 Philochorus,
1200 1962 1271 2009 conr

218 2051 304 2115 esset
325 2042 525 2112 oraculorum
546 2041 702 2128 interpres
720 2042 923 2112 doctissimus
935 2045 990 2129 qui
1002 2047 1183 2132 scripsisset
1199 2051 1272 2132 περι

216 2151 386 2235 μαντικῆς,
410 2143 629 2231 neptesque»,
652 2151 725 2232 περὶ
744 2149 879 2235 θυσιῶν,
901 2151 1141 2220 accuratissime
1162 2153 1270 2220 animo

216 2255 400 2344 percepisse
421 2251 583 2338 putandus
606 2257 663 2319 est.
714 2254 825 2338 Neque
847 2255 1042 2340 poenituisse
1063 2276 1135 2328 eum
1156 2257 1191 2324 in
1214 2259 1270 2326 At·

216 2361 306 2428 thide
325 2358 408 2425 talia
440 2357 555 2423 afferre
587 2356 687 2440 longa
719 2356 935 2443 disputatione
965 2359 1182 2431 demonstrare
1203 2384 1269 2430 non

216 2483 297 2554 opus
318 2464 393 2550 1111,
416 2462 444 2529 11
465 2462 499 2528 in
513 2461 785 2548 comparationem
800 2483 957 2532 vocavero
974 2465 1190 2550 fragmentum
1206 2469 1269 2534 146

216 2589 279 2657 quo
301 2568 392 2635 dicit:
425 2567 493 2630 Τοῦ
515 2563 545 2629 δ’
569 2565 720 2630 ἐνιαυτοῦ
747 2566 835 2632 τουδὶ
866 2567 1070 2654 διελθόντος,
1102 2570 1209 2657 ἑτέρου
1239 2573 1270 2639 d'

214 2667 632 2759 εἰςιόνιος,1να’κροπόλει
655 2683 785 2756 oppetes
806 2671 929 2764 ἐγένετο
952 2679 1074 2740 τοιοῦτο
1096 2699 1124 2740 κ.
1146 2701 1171 2742 τ.
1195 2676 1225 2742 1.

279 2781 393 2846 Restat
404 2775 504 2861 igitur
519 2781 553 2841 ot
575 2793 777 2862 quaeramus,
798 2797 875 2843 num
896 2778 966 2846 fieri
988 2781 1125 2864 potuerit
1147 2787 1181 2848 11
1193 2783 1266 2850 Plu·

213 2884 343 2952 tarehus
372 2882 406 2948 in
428 2880 612 2948 Philochori
645 2880 768 2948 atthide
798 2882 1001 2950 Aristotelem
1034 2892 1067 2950 et
1088 2885 1267 2955 Clidemum

211 2997 309 3059 testes
330 2988 511 3055 nominatos
532 2986 698 3054 inveniret.
741 2986 845 3072 Atque
867 3005 926 3074 per
946 2995 1122 3076 temporum
1137 2991 1266 3076 quidem

211 3093 368 3161 rationem
390 3091 425 3159 id
446 3090 516 3158 11111
544 3091 685 3177 potuisse
715 3109 807 3159 nemo
829 3092 963 3176 negabit
985 3093 1061 3176 quia
1081 3081 1265 3164 Philochori

210 3200 279 3268 vita
300 3200 343 3265 ab
365 3197 405 3265 11.
429 3196 491 3262 115
523 3196 592 3264 1111
614 3215 714 3281 nsque
744 3197 788 3263 ad
811 3197 851 3264 ol.
875 3199 939 3266 130
960 3198 1129 3286 pertinuit,
1160 3202 1265 3271 Clide-

210 3325 281 3373 mus
301 3323 397 3391 vero,
419 3302 575 3370 atthidum
599 3303 788 3389 scriptorum
809 3304 1059 3392 vetustissimos,
1089 3309 1265 3394 expeditio

211 3412 262 3478 nis
284 3408 463 3479 Siciliensis
484 3407 580 3474 linem
602 3406 692 3493 vidit,
714 3413 747 3474 et
763 3407 870 3480 floruit
882 3429 953 3476 cum
969 3411 1163 3494 symmorioe
1177 3414 1264 3482 Nau-

210 3516 311 3586 siniec
338 3514 493 3582 archonte
523 3511 578 3599 (ol.
601 3514 673 3599 100,
695 3513 730 3601 3)
762 3513 1017 3600 11111111111111;
1051 3535 1123 3583 eum
1155 3524 1264 3586 autem

210 3623 355 3710 copiose,
387 3625 518 3705 exacte,
551 3619 620 3685 acri
641 3619 761 3686 iudicio
792 3639 864 3686 eum
885 3641 936 3688 res
957 3641 1108 3690 narrasse
1131 3631 1264 3713 constet,

210 3727 307 3796 lacile
329 3725 519 3810 intelligitur
546 3744 602 3791 cur
623 3723 833 3792 Philochorus
861 3724 952 3793 libris
977 3725 1046 3792 eius
1065 3746 1164 3814 saepe
1186 3749 1262 3797 usus

208 3831 259 3900 sit.
328 3831 439 3914 Neque
471 3829 575 3896 minus
607 3828 788 3896 Aristotelis
819 3828 917 3896 libros
949 3851 971 3895 a
1003 3830 1193 3900 Philochoro
1226 3835 1262 3900 in

206 3936 451 4006 Atheniensium
471 3935 617 4002 instituta
643 3934 814 4020 diligenter
841 3934 1022 4020 inquirente
1055 3955 1125 4005 esse
1155 3940 1262 4007 evolu-

205 4050 256 4112 tos
278 4062 349 4111 oum
371 4063 429 4129 per
450 4061 485 4109 se
507 4046 609 4128 patet,
631 4047 698 4108 tum
720 4061 760 4108 ea
780 4062 816 4108 re
830 4031 991 4127 'probatur
1012 4042 1097 4127 quod
1118 4043 1153 4110 in
1174 4044 1262 4132 frag·

205 4147 321 4214 mentis
341 4134 472 4214 1111111
484 4145 509 4232 ¹)
531 4143 714 4214 Philochori
736 4144 896 4213 sententia
919 4145 1131 4215 Aristoteleae
1163 4170 1262 4237 oppo-

434 4267 581 4326 'hilochori
608 4268 769 4341 munerata
794 4267 825 4324 in
852 4267 967 4324 stellari
995 4268 1096 4340 fragm.
1126 4269 1155 4326 h.
1180 4269 1214 4327 G.
1238 4270 1261 4340 1,
