2954 4772
729 291 771 364 19

218 471 293 549 eunt
314 484 411 551 quam
432 462 519 551 quod
540 463 701 534 Diodorus
719 465 750 552 5,
764 465 794 534 5.
816 464 963 552 exhibet,
985 464 1111 539 misisse
1132 467 1275 538 Xerxem

219 569 264 638 ad
277 571 426 655 Graecos
448 571 503 658 qui
522 571 737 659 postularent,
770 571 872 638 atilli
895 570 1050 659 depositis
1077 573 1175 642 armis
1197 575 1278 642 socii

219 675 389 742 Persarum
410 675 537 761 fierent,
565 674 744 742 Leonidam
766 680 873 742 autem
901 675 1122 763 respondisse,
1154 674 1203 742 ὅτι
1223 681 1279 742 καὶ

219 784 455 864 συμμαχοῦντες
486 783 529 870 τῷ
558 779 687 863 βασιλεῖ
714 777 937 868 χρησιμώτερα
965 780 1044 865 μετὰ
1074 785 1138 848 τῶν
1166 780 1279 848 ὅπλων

218 886 344 952 ἔσονται
366 891 421 951 καὶ
442 884 594 969 πολεμεῖν
615 883 869 969 ἀναγκαζόμενοι
890 865 968 970 μετὰ
990 886 1109 970 τούτων
1129 893 1278 969 ysvrcsc'·

217 1013 308 1077 τερον
328 988 409 1076 ὑπὲρ
431 995 485 1078 τῆς
505 983 695 1076 ἔλευθερῖας
715 989 946 1079 ἀγωνιοῦνται,
976 998 1033 1060 aut
1054 992 1140 1079 quod
1164 1015 1190 1061 c.
1202 995 1232 1080 8,
1246 997 1277 1062 4·

217 1099 357 1188 scripsit,
380 1099 609 1186 Tyrastiadam
631 1098 808 1167 Cumaeam
821 1100 963 1167 Graecos
986 1100 1137 1168 certiores
1149 1099 1275 1188 fecisse,

217 1223 273 1272 eos
295 1224 316 1270 a
337 1209 429 1290 tergo
452 1203 683 1272 circumventos
705 1205 754 1272 iri.
799 1204 894 1272 Talia
916 1209 1024 1271 autem
1046 1224 1186 1290 quonam
1209 1226 1276 1272 ma-

216 1310 268 1394 gis
290 1310 452 1397 pertinent
473 1329 570 1395 quam
591 1306 635 1375 ad
645 1308 809 1396 Ephorum
824 1309 1010 1396 Oumaeum,
1033 1299 1275 1378 disertissimum

215 1415 367 1483 Isocratis
410 1415 625 1502 discipulum?
702 1415 844 1482 Iustinus
889 1420 1004 1481 contra
1052 1413 1105 1480 hic
1149 1434 1275 1501 quoque

216 1537 289 1586 cum
318 1519 460 1586 Diodoro
489 1513 672 1604 ‘consentit
714 1518 800 1604 quod
835 1517 876 1584 de
907 1537 1006 1585 causa
1035 1537 1091 1584 cur
1111 1519 1274 1587 Leonidas

214 1623 384 1710 plerosque
406 1623 528 1710 socios,
549 1629 723 1708 antequam
752 1644 803 1692 res
826 1623 870 1690 ad
892 1623 1038 1690 ultimum
1060 1623 1274 1692 dimicationis

215 1728 357 1814 veniret,
379 1726 568 1814 dimisisset,
593 1729 643 1814 11,
664 1729 685 1794 5
707 1728 851 1816 scripsit:
873 1733 969 1816 „tuno
990 1727 1135 1796 hortatur
1157 1730 1272 1816 socios,

167 1833 180 1850 “
215 1829 368 1898 recedant
389 1837 422 1898 et
443 1851 477 1899 se
499 1831 543 1898 ad
563 1832 697 1898 meliora
721 1832 846 1919 patriae
858 1837 1002 1919 tempora
1013 1838 1186 1919 reservent,
1208 1833 1272 1901 sihi

216 1953 287 2028 cum
309 1935 478 2022 Spartanis
505 1933 666 2002 fortunam
696 1935 943 2023 experiendam
974 1935 1068 2022 plura
1090 1955 1125 2002 se
1146 1937 1272 2022 patriae

215 2059 311 2125 qnam
332 2042 419 2109 vitae
449 2040 583 2127 dehere,
618 2047 740 2110 ceteros
770 2041 814 2109 ad
840 2040 1005 2130 praesidia
1027 2039 1185 2110 Graeciae
1207 2062 1272 2109 ser·

213 2148 368 2237 vandos“‚
389 2155 422 2217 ct
443 2148 538 2216 Diod.
550 2151 580 2235 9,
606 2151 633 2216 l.
655 2151 829 2235 προςέταξε
850 2150 923 2224 τούς
942 2151 1004 2231 μὲν
1025 2146 1146 2224 ἄλλους
1161 2147 1270 2236 Ἐλλη-

215 2277 275 2329 νας
296 2251 445 2328 ἅπαντας
478 2249 613 2317 ductum
635 2256 690 2316 aui
712 2252 822 2328 σώζειν
843 2251 992 2328 ἑαυτούς,
1026 2256 1081 2315 ἵνα
1111 2257 1191 2316 κατὰ
1214 2253 1272 2330 τᾶς

212 2354 317 2432 ἄλλας
337 2353 446 2438 μα’χας
469 2353 743 2438 συναγωνίζωνιαι
765 2351 993 2441 τοῒςἝλλησιν,
1018 2351 1134 2429 αὐτοὺς
1149 2352 1186 2417 δὲ
1197 2355 1270 2432 τούς

211 2460 492 2546 Λακεδαιμονίους
513 2459 611 2546 ἔφησε
634 2459 702 2523 δεῖν
722 2461 831 2541 μένειν
847 2482 877 2525 κ.
892 2482 916 2523 τ.
927 2457 957 2522 λ.
1001 2458 1067 2527 Sed
1087 2460 1159 2545 plus
1172 2460 1270 2527 etiam

211 2566 255 2634 ad
283 2575 425 2636 nostram
448 2566 667 2653 quaestionem
697 2565 835 2650 denique
864 2565 968 2649 valet,
992 2563 1078 2649 quod
1106 2564 1269 2633 Diodorus

212 2691 238 2754 c.
262 2673 321 2759 10,
349 2671 490 2738 Iustinus
523 2671 573 2756 11,
605 2670 655 2736 15.
679 2689 761 2755 seq.,
794 2668 986 2735 Plutarchus
1016 2666 1091 2734 mal.
1119 2669 1195 2736 Her.
1224 2672 1267 2737 32

210 2775 326 2844 mirum
347 2774 381 2840 in
402 2773 530 2841 modum
552 2774 754 2840 consentiunt
776 2774 811 2839 in
832 2771 1003 2839 narrandis
1032 2773 1145 2839 ultima
1168 2774 1267 2842 Grae-

211 2898 320 2948 corum
341 2877 545 2944 dimicatione
568 2885 601 2944 et
622 2883 739 2962 morte;
772 2884 869 2962 atque
899 2878 946 2943 ita
968 2876 1112 2963 profecto
1135 2897 1268 2947 consen·

209 2985 307 3070 tium,
328 2989 365 3048 ut
385 2983 466 3048 haec
488 3003 553 3047 una
574 3002 627 3048 res
649 2981 810 3049 sufficeret
831 2982 875 3048 ad
895 2981 1096 3069 probandum
1110 2983 1197 3069 quod
1211 3006 1269 3071 po·

211 3089 349 3172 suimus,
372 3084 565 3171 Diodorum,
586 3086 745 3153 Iustinum
766 3086 973 3153 Plutarchum
995 3088 1083 3175 (mal.
1105 3089 1195 3177 Her.)
1214 3112 1267 3158 eo·

212 3193 285 3259 dem
307 3198 437 3258 auctore
459 3190 537 3278 niti,
558 3189 714 3258 Herodoti
735 3191 834 3258 libros
855 3196 964 3259 autem
993 3193 1035 3260 ah
1067 3193 1114 3260 eis
1136 3217 1266 3282 prorsus

209 3297 374 3384 neglectos
395 3315 476 3364 esse.
531 3297 614 3362 Nam
636 3316 719 3381 quae
747 3297 795 3363 illi
818 3316 928 3364 omnes
956 3318 1029 3364 cum
1053 3319 1174 3385 magna
1196 3322 1265 3368 ver·

208 3405 322 3472 borum
343 3403 439 3470 turha
460 3407 493 3469 et
515 3409 629 3469 ornatu
651 3402 808 3471 rhetorico
831 3403 1011 3491 proferunt,
1034 3405 1120 3490 quod
1140 3407 1266 3473 Plutar-

208 3509 287 3577 chus
308 3508 555 3597 pulcherrimum
578 3509 772 3575 Graecorum
793 3507 915 3576 factum
943 3517 1054 3596 voeat,
1088 3509 1265 3580 audacissi-

207 3616 404 3684 mamillam
432 3614 639 3701 irruptionem
663 3612 735 3681 dico
769 3635 789 3680 a
813 3615 946 3682 Graecis
968 3615 1003 3681 in
1025 3622 1129 3682 eastra
1151 3616 1265 3684 Persa·

207 3741 389 3807 ramusque
410 3722 454 3788 ad
475 3720 563 3806 regis
582 3720 753 3786 tentorium
764 3718 894 3807 saetam,
915 3740 1020 3808 neque
1037 3727 1165 3788 exstant
1177 3722 1264 3809 apud

207 3828 420 3913 Herodotum,
441 3848 545 3912 neque
567 3825 666 3893 uliam
688 3825 817 3893 omnino
840 3847 912 3893 eum
934 3826 1042 3895 verbis
1063 3827 1132 3894 eius
1149 3826 1263 3896 admit·

206 3940 278 4000 tunt
297 3934 464 4020 rationem,
486 3940 519 3999 et
540 3938 665 3999 tautum
686 3931 790 4018 abest,
810 3939 846 3999 ut
860 3933 1005 4000 veritatis
1026 3933 1166 4020 speciem
1183 3957 1263 4022 prae

207 4038 370 4125 ecferant,
391 4043 427 4104 ut
438 4059 458 4104 a
470 4037 699 4125 posterioribus
713 4038 840 4104 demum
856 4037 1063 4123 scriptoribus
1079 4037 1123 4104 ad
1138 4058 1205 4105 rem
1215 4044 1262 4106 te·

206 4163 292 4210 mere
303 4131 567 4227 exaggerandam
577 4161 617 4208 ea
626 4134 811 4226 excogitata
823 4160 894 4208 esse
909 4139 1048 4207 dilucide
1058 4149 1216 4228 appareat
1225 4143 1262 4234 ¹).

280 4263 482 4339 l)0·010i⁰›
505 4266 615 4337 history
634 4265 666 4323 ot
688 4264 793 4322 Greece
811 4263 867 4322 rol.
886 4264 913 4321 V
939 4282 1005 4337 pag.
1026 4263 1092 4332 rat,
1116 4267 1215 4323 mmet
1236 4265 1262 4337 1,

930 4372 955 4438 2
966 4371 985 4411 s
