2954 4772
687 428 688 432 Ν
727 316 771 402 δέ

215 487 384 577 pugnatis)
407 485 589 576 adscriptus
610 493 675 577 est,
708 490 764 576 qui
787 492 864 576 quin
886 493 1018 574 utroque
1049 487 1121 565 loco
1151 509 1192 562 cx
1224 508 1277 560 so·

219 594 292 664 dem
314 595 402 663 fonte
423 595 564 683 fluxerit,
594 596 734 682 nemini,
765 597 892 686 opinor,
922 595 1055 664 dubium
1077 595 1145 664 erit.
1210 585 1278 682 Scri

219 701 300 770 hacc
322 702 451 788 quidem
471 702 636 772 hactenus.
680 703 767 772 Satis
789 705 944 790 probasse
966 702 1045 770 mihi
1059 701 1180 789 videor,
1202 703 1275 786 Plu,-

218 807 364 874 tarchum
384 808 579 896 Diodorum,
606 810 780 897 Iustinum,
809 816 976 883 ,auctorem
1005 807 1107 875 libelli
1129 808 1170 876 de
1200 807 1275 875 mal.

218 912 293 978 Her.
316 913 444 1000 scripti,
467 913 501 979 in
525 913 746 981 describendis
769 914 899 1001 proeliis
921 911 966 980 ad
987 911 1220 998 Thermopylas
1242 917 1276 980 et

217 1017 423 1086 Artemisium
454 1019 631 1088 commissis
658 1018 861 1102 eodem-niti
892 1025 1040 1104 anctore,
1072 1039 1137 1086 nou
1166 1022 1274 1102 antem

165 1145 166 1148 ¹
217 1123 395 1210 Herodoto,
418 1125 476 1192 sed
498 1145 536 1192 co
559 1127 614 1211 qui
635 1126 932 1194 Halicarnassensis
953 1124 1052 1193 libros
1068 1123 1120 1191 vel
1134 1122 1274 1194 maxime

217 1227 251 1296 iu
272 1249 366 1296 usum
387 1249 480 1298 suurn
502 1233 702 1318 converterit,
725 1232 863 1317 Ephoro.
906 1223 1275 1317 DcThcopompocnim

219 1333 355 1418 cogitari
377 1336 501 1421 nequit,
534 1336 563 1403 si
592 1335 722 1420 quidem
755 1356 796 1403 ex
818 1356 857 1404 eo
880 1356 964 1421 quac
987 1335 1027 1402 de
1050 1334 1155 1402 classe
1175 1332 1273 1400 Athe-

218 1437 377 1520 niensium
398 1440 571 1508 aedificata
592 1441 798 1527 Plutarchus,
820 1441 978 1526 Iustinus,
998 1440 1107 1524 Nepos
1134 1435 1274 1525 pratale-

219 1550 293 1611 runt
324 1545 440 1613 hausta
473 1552 563 1634 sunt,
591 1567 663 1614 eum
687 1553 852 1632 utramque
874 1545 1091 1614 narrationem
1112 1543 1156 1609 ad
1175 1561 1274 1627 uuum

219 1654 382 1717 auctorem
404 1650 516 1718 referri
538 1672 602 1717 non
622 1671 736 1738 posse,
759 1671 856 1738 snpra
880 1651 1130 1718 demonstratum
1151 1647 1202 1732 sit

284 1754 407 1838 Eadem
429 1763 537 1823 autem
559 1756 696 1824 fontium
716 1758 799 1825 ratic
822 1757 927 1826 estin
949 1756 997 1824 cis
1026 1776 1109 1840 qnae
1137 1771 1273 1838 sequun-

219 1864 270 1929 tur
291 1860 379 1948 apud
400 1862 607 1930 Plutarchum
629 1883 700 1950 cap.
722 1863 771 1930 IX
793 1861 880 1950 apud
900 1862 1059 1930 Iustinum
1079 1861 1129 1948 12,
1143 1860 1184 1927 12
1207 1878 1273 1943 seq.

220 1966 308 2051 apud
336 1967 515 2034 Diodorum
543 1987 570 2035 c.
593 1970 644 2055 13,
666 1970 697 2035 2.
728 1975 761 2036 et
789 1989 860 2055 cap.
882 1969 932 2036 14.
959 1967 1049 2054 apud
1076 1963 1275 2036 Herodotum

219 2070 308 2158 VIII,
331 2093 358 2140 c.
382 2073 519 2140 17-40.
591 2075 676 2141 Nam
709 2093 781 2140 cum
814 2080 846 2142 ct
873 2072 1064 2140 Plutarchus
1094 2076 1127 2139 et
1153 2067 1273 2142 Diodo-¹

219 2193 274 2244 rus
294 2183 326 2244 ct
347 2176 528 2246 Herodotus
549 2179 689 2246 afferant
708 2179 827 2266 primos
848 2178 883 2245 in
904 2189 1015 2265 pugna
1042 2175 1153 2257 navali
1174 2174 1274 2262 luisse

220 2302 241 2348 a
264 2283 459 2353 Graecorum
480 2291 572 2372 parte
592 2284 823 2372 Athenienses,
853 2285 888 2351 in
915 2305 955 2352 ea
983 2305 1018 2353 re
1049 2282 1169 2352 diversi
1189 2285 1273 2364 sunt,

220 2388 306 2476 quod
327 2390 507 2458 Herodotus
529 2413 550 2458 a
577 2392 749 2460 Persarum
778 2399 870 2479 parte
899 2392 1081 2476 Αομμμίοε,
1111 2388 1273 2472 Diodorus¹

220 2500 327 2564 cutem
346 2494 498 2564 Sidonios
519 2497 810 2583 virtutispalmam
820 2503 1001 2583 reportasse
1016 2495 1103 2562 dicit.
1146 2489 1273 2560 Deinde.

219 2619 303 2684 quac
324 2601 366 2668 sit
386 2601 551 2669 Plutarchi
574 2608 606 2669 et
626 2603 762 2670 Diodori
784 2607 816 2669 et
838 2601 978 2670 auctoris
1004 2598 1107 2667 libelli
1136 2597 1177 2665 de
1198 2594 1273 2664 mal.

219 2706 295 2777 Her.
318 2707 461 2776 affinitas
483 2708 518 2774 in
540 2708 706 2777 afferenda
729 2729 829 2776 causa
850 2729 906 2776 cnr
927 2706 1046 2776 Graeci
1073 2704 1116 2772 ab
1137 2701 1273 2778 Artemi-

219 2812 267 2882 sio
285 2814 501 2900 promontorio
515 2814 715 2900 recesserint,
738 2814 767 2881 si
779 2814 984 2882 conferuntur
994 2812 1078 2880 Plut.
1093 2809 1168 2877 mal.
1180 2808 1271 2876 aas:

219 2918 292 2994 τούς
307 2916 463 3002 Ἕλληνας
485 2917 572 3002 ὅμως
593 2916 743 3003 ὑφέσθαι
764 2921 818 2983 τοῦ
837 2916 1035 3004 Ἀρτεμισίου
1061 2926 1126 2992 ecte
1145 2910 1274 3000 βαρβό·

220 3042 289 3104 ροις
314 3021 362 3086 οδ
392 3025 485 3106 περὶ
518 3023 791 3105 Θερμοπύλας
824 3022 1272 3099 α’κούσανοας.....ιιαὶ

220 3125 375 3210 Ξέρξου
390 3129 465 3190 τῶν
480 3126 676 3212 παρόδων
694 3128 840 3213 κρατού
849 3150 947 3215 νιος,
961 3127 1150 3197 vitaThem.
1161 3127 1273 3215 capii:

223 3233 301 3296 Τόν
320 3231 428 3315 μένιοι
450 3236 522 3317 περὶ
546 3230 761 3321 Θερμοπύλας
781 3233 827 3308 εἷς
848 3234 882 3298 τό
897 3232 1091 3317 Ἀρτεμίσιον
1113 3230 1274 3312 ἀπαγγελ-

221 3337 348 3402 θέντων
378 3338 564 3422 πυθόμενοι
594 3337 767 3404 Λεωνίδαν
795 3361 827 3404 ιε
856 3340 987 3404 carchae
1014 3341 1076 3401 xci
1106 3345 1274 3422 κρατετν

219 3438 380 3527 Ξέρξην
401 3445 480 3507 τῶν
501 3442 602 3508 acaci
625 3445 700 3529 γῆν
721 3443 939 3529 παρόδων,
961 3443 1036 3508 εἴσω
1058 3438 1274 3528 τῆςἙλλόδος

219 3542 458 3634 ἀνεκομίζοντο,
479 3547 574 3619 Diod.
597 3570 624 3617 c.
648 3549 698 3636 12,
722 3551 756 3617 1:
788 3551 910 3635 Ξέρξης
934 3548 997 3636 γὰρ
1025 3547 1088 3614 atta
1115 3543 1274 3633 παρόδων

219 3652 274 3724 τόν
295 3651 463 3740 εϊρρμένον
484 3653 605 3740 τρόπον
625 3652 801 3742 κρατήσας,
824 3677 850 3724 ο.
874 3657 924 3742 13,
947 3657 982 3722 3:
1015 3653 1093 3738 μετὰ
1117 3652 1153 3716 δὲ
1174 3652 1274 3726 ταῦτα

220 3754 253 3825 ci
268 3756 414 3846 Ἕλληνες
435 3757 631 3836 ἀκούσαντες
662 3762 702 3826 ιδ
729 3766 802 3848 περὶ
826 3758 1044 3847 Θερμοπύλας
1064 3758 1273 3842 γενόμενοι..

221 3907 231 3931 ,ι
252 3908 262 3930 .
285 3863 430 3951 ..διόπερ
459 3863 721 3943 ἀποπλεύσαντες
741 3869 787 3944 εἷς
808 3867 982 3951 Σαλαμῖνα
1010 3892 1037 3933 ιι.
1049 3890 1075 3932 ι.
1086 3865 1134 3942 λ..
1165 3865 1275 3952 legen·

220 3974 286 4036 tem
307 3971 467 4038 neminem
489 3972 608 4059 fugiet,
632 3980 743 4041 contra
765 3974 851 4060 quod
872 3971 1062 4041 Plutarchus
1084 3991 1111 4041 c.
1130 3973 1180 4040 IX
1201 3991 1274 4042 nar·

219 4081 287 4162 rat,
316 4076 563 4148 Themistoclem
584 4079 759 4148 secundum
781 4101 870 4148 oram
897 4078 1041 4151 Ionicum
1067 4078 1275 4165 navigantem

219 4200 277 4266 per
298 4180 523 4269 inscriptiones
545 4184 709 4272 lapidibus
731 4185 851 4254 incisas
873 4186 915 4254 ab
935 4183 1068 4254 Ionibus
1096 4190 1132 4252 ut
1160 4184 1275 4254 delice-

217 4291 290 4360 rent
310 4287 507 4378 postulasse,
529 4289 606 4362 item
627 4288 715 4378 apud
737 4291 934 4362 Herodotum
947 4288 1123 4384 (vniat)
1135 4289 1274 4366 errant·
