2954 4772
726 274 770 340 50

219 471 275 518 cos
295 449 491 518 intercedere
513 449 639 516 videtur
662 449 760 534 ratio,
783 449 902 529 atilli,
930 469 1001 516 eum
1025 450 1108 515 inter
1131 469 1166 516 se
1187 469 1275 536 pror-

218 573 273 621 sus
294 560 490 639 congruant,
523 553 569 619 ita
602 573 623 617 a
649 549 840 636 Thucydide
870 561 903 618 ct
926 550 1067 620 Diodoro
1088 552 1275 619 Plutarcho·

218 679 281 744 que
303 659 424 726 diversi
444 659 525 744 siut,
546 664 581 723 ut
602 677 705 740 neque
728 678 769 722 ex
790 657 847 725 illo
869 677 974 742 neque
1002 677 1043 724 ex
1065 657 1194 745 Ephoro
1217 669 1282 726 eos

218 764 364 831 hausisse
385 763 521 848 cogitari
551 762 654 848 possit
665 762 700 848 ¹).
743 761 950 848 Thucydides
983 763 1068 829 enim
1099 761 1215 850 (ath,
1239 763 1273 848 1)

217 869 491 936 Lacedaemonios
512 868 637 934 duabus
659 868 764 934 causis
788 874 961 935 commotos
983 868 1126 934 Athenas
1147 867 1274 952 legatos

218 975 343 1042 misisse
364 981 478 1040 auctor
491 980 558 1058 est3
581 993 652 1038 cum
668 973 745 1056 quia
766 993 825 1058 pro
842 972 1275 1042 cousuetudinerationibus·

218 1097 297 1164 que,
319 1098 398 1162 quas
420 1077 453 1142 in
475 1077 543 1142 vita
565 1082 597 1142 et
619 1075 785 1161 republica
807 1076 951 1160 gerenda
979 1078 1206 1163 sequebantur,
1226 1078 1274 1143 iu-

218 1183 416 1252 commodum
444 1189 477 1250 et
509 1182 622 1247 inutile
652 1182 699 1247 eis
728 1202 798 1248 esse
829 1181 1000 1251 videbatur
1033 1185 1144 1250 urbem
1175 1183 1274 1250 ullam

217 1288 315 1363 muris
337 1287 544 1370 circumdari3
577 1295 644 1353 tum
676 1287 752 1371 quia
774 1309 795 1353 a
817 1288 913 1354 sociis
950 1287 1193 1355 Atheniensium
1218 1309 1274 1375 po·

216 1397 333 1460 testate
353 1399 386 1458 et
404 1391 597 1458 'auctoritate
628 1392 806 1476 perterritis
834 1398 870 1458 ut
890 1392 1124 1460 intercederent
1144 1392 1272 1479 impulsi

218 1504 319 1564 erant
363 1498 478 1582 Nepcs'
495 1503 601 1563 auteur
614 1516 808 1580 quamquam
819 1497 958 1582 priorem
977 1498 1068 1564 illam
1088 1519 1220 1566 causam
1240 1504 1271 1566 et

217 1602 286 1687 ipse
299 1601 354 1666 ille
366 1599 494 1685 quidem
515 1605 751 1683 commemorat,
772 1607 880 1667 tamen
901 1602 1087 1686 primariam
1110 1608 1142 1668 et
1163 1613 1274 1668 veram

218 1707 316 1773 luisse
339 1691 439 1790 dicit,
457 1704 543 1789 quod
564 1704 814 1770 Lacedaemonii
838 1706 912 1772 odio
936 1715 967 1772 et
988 1706 1112 1772 invidia
1123 1705 1275 1774 commoti

217 1811 311 1876 veriti
342 1818 449 1876 essent
486 1829 527 1875 ne
550 1808 591 1874 de
623 1809 805 1894 principatu
840 1829 911 1875 cum
944 1809 990 1876 eis
1020 1818 1180 1876 certamen
1209 1811 1273 1878 sibi

216 1913 316 1998 foret,
339 1935 435 1998 quam
457 1913 559 1978 solam
582 1911 682 1978 luisse
705 1931 834 1977 causam
856 1913 1029 1997 legationis
1059 1914 1156 1980 etiarn
1176 1913 1273 1982 lusti-

217 2039 277 2084 nus
307 2019 374 2106 (lb,
403 2019 448 2092 2.)
483 2016 621 2103 scripsit.
686 2018 784 2083 Porro
812 2017 903 2101 vide,
940 2024 1094 2101 quantum
1122 2021 1273 2105 Neposa

216 2120 406 2206 Thucydide
428 2120 575 2204 recedat,
597 2119 683 2204 quod
704 2121 1031 2188 Lacedaemoniorum
1054 2122 1179 2206 legatos
1205 2143 1272 2188 mu·

216 2247 269 2293 ros
301 2225 466 2293 aedificari
496 2231 654 2309 aetantes,
686 2231 718 2289 et
747 2225 993 2292 Themistoclem
1024 2225 1273 2296 Atheniensibus

216 2331 375 2399 dicentem
397 2331 476 2397 tacit
504 2350 565 2416 „ne
592 2329 649 2396 ulli
672 2330 741 2396 loco
767 2337 949 2417 parcerent,
984 2331 1053 2398 sive
1079 2353 1171 2400 sacer
1202 2335 1272 2402 sive

216 2436 372 2522 profanus
394 2436 508 2520 esset“‚
528 2432 614 2500 unde
644 2433 764 2500 factum
787 2455 857 2502 esse
885 2434 992 2521 addit,
1022 2442 1077 2522 „ut
1098 2437 1271 2504 Athenien·

217 2543 299 2608 sium
320 2542 402 2607 muri
429 2560 470 2606 cx
493 2539 621 2605 sacellis
644 2539 861 2625 sepulcrisque
895 2543 1116 2627 constarent‘3
1148 2543 1229 2611 talia
1250 2565 1271 2610 a

216 2648 326 2732 quieta
345 2643 545 2730 Thucydidis
567 2645 752 2711 narratione
774 2645 871 2731 longe
892 2647 1053 2714 recedunt
1107 2649 1183 2714 Alia
1204 2650 1272 2733 quie

217 2751 276 2818 bus
298 2749 418 2816 diversi
448 2753 523 2814 sunt
550 2747 765 2834 Nipperdeius
797 2749 905 2816 verbis
926 2750 1060 2836 Nepotis
1091 2750 1272 2838 adscripsit,-

217 2876 301 2940 quae
322 2855 375 2922 hie
395 2853 512 2920 aliene
534 2871 808 2939 supervacaneum
836 2859 897 2938 est,
931 2874 1124 2940 quamquam
1146 2856 1196 2922 vir
1215 2857 1272 2924 ille

216 2959 419 3026 doctissimus
441 2976 566 3024 errasse
587 2956 666 3023 mihi
688 2955 829 3043 videtur,
860 2956 945 3044 quod
966 2958 1062 3044 dicit,
1098 2960 1190 3044 sequi
1209 2962 1271 3027 Ne

215 3069 322 3148 potem
337 3060 473 3128 cundem
488 3080 582 3143 quem
600 3060 790 3127 Plutarchus
807 3068 840 3128 et
849 3060 1009 3130 Diodorus
1023 3061 1153 3129 fontem.
1191 3063 1272 3134 (lum

216 3167 351 3234 Diodori
373 3167 457 3233 enim
480 3165 664 3232 narratione
680 3167 813 3253 Nepotis
827 3168 915 3235 nullo
934 3169 1030 3236 modo
1045 3169 1181 3236 conferri
1203 3176 1272 3257 pot·

217 3281 280 3360 est,
311 3273 388 3358 quia
417 3270 458 3338 de
489 3291 613 3338 summa
640 3291 746 3338 rerum
779 3293 909 3358 prorsus
939 3274 1022 3342 inter
1051 3295 1086 3342 se
1110 3274 1271 3362 differunt,

217 3399 410 3462 quamquam
440 3375 569 3460 singula
599 3375 745 3461 quidem,
775 3377 890 3462 qulbus
909 3379 1018 3464 Nepos
1039 3400 1061 3445 a
1081 3379 1273 3466 Thdcydide

216 3482 353 3568 recedit,
375 3503 445 3547 cum
468 3478 611 3547 Diodoro
635 3481 666 3546 ei
687 3482 891 3549 conveniunt.
935 3483 1001 3550 Sed
1022 3490 1097 3551 sunt
1118 3484 1216 3552 etiam
1231 3484 1273 3553 de

218 3589 333 3672 quibus
356 3606 458 3670 neque
481 3605 552 3651 eum
573 3585 764 3670 Thucydide
786 3607 889 3672 neque
911 3608 982 3655 curn
1005 3588 1149 3656 Diodoro
1163 3591 1272 3676 Nepos

216 3692 406 3761 consentiat.
448 3688 608 3756 Diodorus
631 3688 716 3756 enim
738 3697 771 3756 et
792 3691 1000 3777 Thucydides
1021 3712 1060 3759 ec
1081 3693 1209 3778 quidem
1225 3695 1272 3762 di·

216 3797 413 3880 vercisum,
443 3792 529 3878 quod
561 3793 614 3859 hlc
636 3793 882 3864 Themistoclem
914 3797 1008 3872 simul
1035 3817 1108 3865 eum
1129 3799 1273 3887 collegis,

216 3904 271 3970 ille
292 3903 395 3969 solum
417 3901 554 3988 primum
577 3901 728 3986 Spartam
751 3901 831 3968 facit
851 3903 1118 3990 proticiscentem,
1141 3912 1273 3990 uterque

289 4134 316 4203 1)
337 4130 558 4202 Nipcrdcius
577 4131 680 4201 Nepet.
700 4132 908 4206 ed.mai.p.21
938 4137 966 4190 et
987 4133 1129 4204 Ephorum
1149 4136 1179 4188 ct
1198 4133 1273 4188 Thu·

217 4221 348 4292 cydidem
368 4220 487 4290 Nepotis
505 4226 634 4276 auctores
653 4220 739 4277 fuisse
756 4227 848 4292 putat.
