2954 4772
714 311 759 387 40

207 497 303 588 rat¹),
324 519 518 587 quamquam
539 507 572 568 et
592 499 667 588 ipse'
684 499 847 566 Aminiam
867 499 953 567 inter
974 517 1030 568 eos
1044 505 1192 569 numerat
1206 497 1261 585 qul

208 607 380 674 fortissime
413 607 629 695 pugnaverint
652 605 754 693 (VIII,
777 608 842 692 93).
902 606 1114 674 Consentiunt
1142 605 1261 674 deinde

208 713 399 783 Plutarchus
433 720 465 781 et
497 713 657 781 Diodorus
690 719 722 779 et
748 711 868 780 diversi
908 717 981 780 sunt
1013 713 1056 779 ab
1090 712 1264 800 Herodoto,

209 818 295 904 quod
315 819 463 886 Aminios
485 841 506 886 a
528 819 700 886 Plutarcho
723 817 839 884 dicitur
860 816 1012 893 Δειιλιιίς
1028 825 1099 886 eta
1121 817 1264 886 Diodoro

210 925 251 1013 (d.
273 926 325 1011 27,
348 924 383 1010 2)
406 923 550 1009 δδελφδς
573 923 737 1005 Αἰσχύλου
760 925 815 988 τοῦ
847 926 989 1008 ποιητοῦ,
1023 925 1065 991 ab
1100 924 1263 992 Herodoto

209 1035 317 1097 autem
339 1031 442 1118 (VIII,
464 1030 520 1120 93)
551 1028 749 1115 Παλληνεύς.
802 1031 982 1116 Aeschylus
1012 1031 1098 1097 enim
1126 1037 1264 1117 poetae

207 1134 293 1204 tribu
307 1143 376 1203 erat
390 1136 644 1224 Hippothontide
655 1138 690 1222 ί),
711 1136 813 1203 tribus
835 1156 911 1203 vero
934 1136 1196 1223 Hippothontidis
1209 1137 1263 1204 de-

208 1261 278 1308 mus
301 1247 371 1309 erat
391 1241 543 1306 Δεκέλεια
550 1271 561 1322 ,·
585 1245 659 1309 'non
688 1263 707 1308 c
740 1242 925 1308 Pallenensi
944 1242 1043 1327 igitur
1066 1243 1120 1328 qui
1153 1243 1263 1311 Antio-

209 1347 313 1416 chidis
347 1354 417 1415 erat
450 1350 560 1416 demus
598 1348 778 1434 Aminiam,
812 1347 965 1434 Aeschyli
997 1347 1141 1436 fratrem,
1162 1349 1263 1418 fuisse

207 1453 382 1521 verisimile
423 1461 481 1522 est.
553 1456 666 1540 Neque
705 1454 809 1520 minus
853 1453 990 1537 denique
1030 1454 1211 1522 Herodotus
1244 1476 1265 1522 a

208 1559 380 1626 Plutarcho
404 1566 436 1627 ct
456 1559 599 1629 Diodoro
632 1560 779 1626 dissentit
810 1560 844 1626 in
860 1549 1038 1627 ‘narrandis
1059 1562 1154 1628 rebus
1177 1561 1265 1628 forti-

208 1671 258 1732 ter
279 1667 321 1732 ub
342 1665 531 1752 Artemisia,
561 1665 895 1733 Halicarnassensium
917 1667 1048 1752 regina,
1071 1667 1180 1751 gostis.
1223 1669 1263 1734 In

208 1769 346 1837 Diodori
367 1771 453 1836 enim
474 1769 670 1838 bibliotheca
693 1791 734 1836 ne
766 1790 882 1836 nomen
905 1769 1034 1855 quidem
1057 1772 1126 1838 eius
1148 1776 1264 1858 exstat,

209 1885 312 1960 neque
335 1875 525 1943 Plutarchus
553 1875 618 1942 nisi
649 1895 712 1942 uno
734 1875 805 1942 loco
827 1875 901 1960 (sub
923 1875 978 1942 fin.
999 1896 1069 1962 cap.
1077 1877 1169 1963 XIV)
1192 1899 1265 1944 eam

210 1982 482 2067 commemoravit,
505 2002 577 2049 cum
597 1981 780 2047 Herodotus
808 1981 855 2047 ita
877 1981 951 2048 aliis
982 1983 1128 2050 omnibus
1152 1986 1264 2051 Persa·

208 2105 278 2150 rum
308 2084 443 2152 ducibus
473 2105 545 2152 eam
578 2091 769 2171 anteponat,
802 2091 837 2151 ut
865 2085 935 2171 ipse
964 2086 1052 2170 VIII,
1083 2088 1122 2153 87
1158 2086 1264 2153 dicat:

208 2190 319 2276 ,Κατὰ
341 2193 401 2274 μὲν
423 2188 462 2276 δὴ
494 2191 567 2266 τοδς
590 2189 710 2265 ἄλλους
739 2186 798 2254 cdx
830 2189 891 2270 ἔχοι
921 2192 1135 2275 μετεξετέρους
1163 2192 1267 2256 ελπείν

209 2294 364 2379 ἀτρεκέως
386 2295 429 2372 ὥς
450 2299 574 2361 ἔκαστοι
598 2342 628 2362 ..
650 2341 658 2359 .
680 2293 883 2379 ἠγωνίζοντο,
907 2296 988 2360 κατὰ
1011 2295 1048 2359 δὲ
1065 2293 1265 2383 Ἀρτεμισίην

209 2400 288 2467 τάδε
318 2403 458 2487 ἐγένετο,
492 2409 524 2470 et
562 2408 699 2486 quatuor
731 2400 882 2487 deinceps
919 2402 1079 2488 capitibus
1114 2402 1264 2470 laudibus

210 2528 281 2574 eam
311 2513 452 2598 exornet.
524 2509 615 2575 Haec
644 2527 808 2575 veronen
831 2527 908 2575 casu
930 2529 950 2574 a
972 2508 1114 2576 Diodoro
1138 2514 1170 2576 et
1190 2509 1264 2576 Plu-

208 2611 319 2678 tarcho
341 2632 412 2680 esse
433 2613 560 2700 omissa,
583 2613 696 2680 sedin
717 2613 788 2699 ipso
811 2612 899 2680 fonte
911 2612 1114 2680 Artemisiam
1127 2615 1264 2700 primum

206 2718 312 2786 locum
333 2717 418 2784 inter
439 2718 536 2786 duces
559 2740 621 2786 ιιοιι
644 2719 835 2804 obtinuisse,
867 2717 944 2784 inde
976 2719 1092 2802 colligo
1122 2720 1208 2804 quod
1229 2723 1264 2786 in

206 2824 316 2892 libello
339 2824 380 2891 dc
412 2825 486 2892 mal.
509 2825 584 2892 Her.
613 2825 731 2912 scripto
760 2824 968 2908 Plutarchus,
1001 2845 1073 2891 cum
1104 2824 1139 2890 in
1167 2825 1264 2893 laude

207 2929 264 2996 illa
286 2930 478 2998 Artemisiae
500 2929 652 3017 offendat,
675 2930 753 2997 dicit
764 2929 805 3013 (c.
817 2930 891 3018 38):
906 2929 973 2994 Ἔττ
995 2928 1031 2993 δὲ
1052 2928 1180 3012 μᾶλλον
1201 2933 1264 2995 τῶν

202 3032 364 3120 Ἑλλήνων
385 3035 580 3118 καταγελῶν,
611 3035 828 3120 Θεμιστοκλέα
848 3040 909 3120 μὲν
931 3035 1002 3099 οὔτε
1014 3040 1091 3122 φησὶ
1103 3039 1264 3122 φρονῆσαι

207 3139 456 3225 τδσυμρέρον.
480 3184 489 3203 .
512 3186 520 3204 .
544 3186 553 3204 .
583 3137 782 3226 Ἀρτεμισίαν
805 3138 859 3215 δὲ,
893 3140 949 3224 τίν
971 3136 1147 3223 Ἡροδότου
1168 3138 1276 3204 uolt--

206 3265 267 3322 τιν,
290 3244 427 3331 μηδενὸς
448 3243 657 3324 διδάξαντος,
691 3243 791 3331 αὐτὴν
813 3242 873 3330 ἀφ’
902 3241 1026 3329 ἑαυτῆς
1043 3243 1264 3330 ἐπινοήσασαν

206 3351 311 3442 Ξέρξῃ
334 3360 500 3434 προειπείν
521 3349 565 3427 ὥς
585 3375 613 3417 ιι.
625 3374 650 3416 τ.
670 3349 698 3416 λ.
723 3357 755 3419 et
776 3349 983 3438 paragrapho
1005 3351 1122 3417 altera:
1151 3353 1263 3415 Ταῦτα

204 3459 266 3539 μὲν
295 3453 354 3522 οδν
380 3459 504 3541 μέτρων
532 3457 621 3522 trost
640 3459 684 3545 τρί
700 3455 864 3544 Ἡροδότῳ
895 3455 1061 3538 Σίβυλλαν
1086 3453 1259 3543 ἀποφῆναι

204 3563 261 3650 τὴν
280 3561 479 3649 Ἀρτεμισίαν
499 3570 532 3632 ct
552 3585 635 3650 quae
658 3571 841 3650 sequuntur.
1252 3561 1253 3566 ’

271 3667 395 3749 Quodsi
416 3689 499 3754 quae
520 3669 554 3734 in
583 3670 689 3756 capito
710 3670 772 3736 XV
793 3668 958 3735 Plutarchi
989 3667 1066 3736 indc
1097 3669 1140 3736 ab
1171 3669 1263 3738 initio

206 3773 372 3859 usquead
398 3796 428 3842 v.
450 3777 491 3841 27
526 3796 556 3864 p.
578 3775 660 3844 234:
694 3771 726 3839 οί
758 3771 905 3839 δ’δλλοι
934 3774 1084 3860 leguntur
1124 3795 1165 3842 cx
1198 3775 1264 3843 alio

207 3879 295 3946 fonte
316 3879 437 3947 inserta
470 3885 544 3946 sunt
577 3877 618 3946 de
640 3900 702 3965 quo
724 3884 837 3966 postea
859 3878 1052 3966 videbimus,
1086 3881 1186 3949 verba
1207 3902 1263 3948 au-

207 3969 290 4051 tem:
316 3981 347 4048 ολ
370 3980 401 4047 δ’
422 3982 516 4048 ἄλλοι
539 3994 604 4060 τοίς
633 3983 811 4071 βαρβάροις
840 3983 1040 4068 ἐξισούμενοι
1069 3986 1104 4050 νδ
1134 3985 1265 4075 πλῆθος

279 4129 307 4201 1)
326 4127 423 4184 Verba
441 4126 502 4185 eius
520 4132 586 4186 sunl
604 4131 682 4199 VIII,
701 4133 749 4187 89:
764 4131 817 4186 Ἐν
834 4131 863 4186 δὲ
881 4129 919 4204 τῷ
935 4131 1011 4204 πίνῳ
1035 4133 1115 4206 τοίιρι
1140 4133 1196 4189 dnh
1213 4135 1267 4208 μίν

204 4219 286 4274 illem
304 4217 319 4272 ὃ
338 4216 480 4290 στρατηγὸς
498 4216 671 4294 Ἀριαβίγνης
688 4220 703 4276 δ
721 4225 843 4292 Δαρείου.

274 4309 303 4383 2)
322 4307 377 4366 crr.
395 4307 528 4381 Sicanis,
547 4310 591 4369 ed.
610 4311 805 4371 Themistoclis
822 4311 985 4370 Pluturehei
1001 4329 1031 4387 p.
1052 4311 1113 4370 102.

1466 613 1472 660 ί
