2954 4772
715 331 762 405 25

209 513 275 582 tius
296 511 374 582 belli
394 511 548 600 impetum
569 516 655 580 terra
675 512 820 598 marique
848 511 892 579 ad
914 508 1157 580 Atheniensium
1179 527 1264 578 moe·

69 685 71 688 .
209 620 489 706 nia'transferret,
512 619 614 686 fusius
636 640 658 685 a
679 618 821 686 Diodoro
844 639 870 684 c.
883 618 933 685 14.
956 623 988 686 et
1010 617 1172 685 Herodoto
1184 618 1264 686 VIII

211 748 238 796 c.
259 728 396 813 31-39,
413 725 644 794 describuntur.
694 724 800 810 Atque
829 730 940 791 narrat
969 723 1097 809 quidem
1124 731 1266 810 uterque,

211 833 352 898 Xerxem
374 851 431 917 per
452 829 606 896 Doridem
628 849 698 896 curn
728 828 870 896 exercitu
898 829 1151 915 proficiscentem
1181 848 1269 896 cam·

213 937 263 1024 pis
286 942 318 1004 et
339 937 428 1021 agris
451 935 649 1023 pepercisse,
671 934 884 1002 Phocensium
906 941 1014 1001 antem
1028 935 1148 1022 templa
1170 941 1264 1003 etur·

212 1044 270 1110 bes
291 1041 376 1108 ferro
398 1041 531 1126 ignique
552 1047 713 1126 vastasse,
742 1041 800 1107 sed
823 1060 863 1106 ea
884 1061 919 1107 re
943 1040 1063 1108 diversi
1084 1047 1158 1108 sunt
1180 1042 1266 1127 quod

212 1147 393 1215 Herodotus
415 1146 535 1213 idideo
551 1145 753 1213 factumesse
776 1146 904 1233 saepius
916 1146 1008 1213 addit
1020 1146 1059 1235 (c.
1071 1148 1123 1234 at,
1135 1149 1188 1235 29,
1198 1149 1264 1239 30.)

213 1254 290 1339 quia
312 1251 478 1340 Thessali,
509 1251 728 1319 Phocensibus
750 1251 976 1338 infensissimi,
1010 1253 1108 1320 duces
1130 1253 1266 1322 fuissent

213 1360 400 1445 Persarum,
423 1378 495 1424 cnm
517 1357 678 1424 Diodorus
699 1356 873 1424 Thessalos
894 1379 935 1425 ne
958 1359 1101 1426 nominet
1120 1359 1176 1426 ille
1198 1359 1266 1444 qui·

213 1466 295 1533 dem.
345 1465 457 1549 Neque
479 1464 574 1529 aliter
591 1462 759 1529 Plutarchi
778 1461 857 1549 (mal
877 1464 952 1530 Her.
971 1485 998 1530 c.
1018 1463 1075 1553 25)
1104 1471 1267 1532 auctorem

211 1569 297 1636 hanc
328 1590 395 1636 rem
432 1567 630 1635 intellexisse
676 1567 851 1634 certissime
884 1574 1035 1654 apparet,
1086 1569 1162 1654 qnia
1192 1570 1268 1635 Plu·

211 1672 340 1741 tarchus
362 1673 523 1759 idipsum
545 1670 708 1739 Herodoto
731 1672 855 1738 crimini
878 1673 949 1758 dat,
969 1673 1055 1757 quod
1075 1673 1268 1761 Phocenses,

214 1779 269 1863 'qui
291 1779 352 1846 soli
373 1779 408 1844 in
430 1778 495 1845 illis
527 1777 714 1862 regionibus
737 1777 861 1844 alienos
883 1798 904 1843 a
925 1778 1033 1846 Persis
1064 1779 1189 1846 animos
1211 1778 1268 1845 ha·
1315 1783 1317 1785 ’

213 1882 373 1969 buissent,
407 1883 528 1949 nnllam
563 1881 661 1948 aliam
693 1881 734 1948 ob
758 1900 890 1948 oausam
912 1903 933 1948 a
955 1882 1150 1950 Graecorum
1171 1883 1269 1970 parti·

213 1988 274 2055 bns
302 1989 430 2056 stetisse
468 1988 665 2075 dicerentur,
702 2007 797 2073 qnam
831 1987 907 2074 qnia
935 1988 1161 2058 Thessalorum
1193 1990 1267 2058 odio

215 2096 364 2163 commoti
386 2093 530 2162 fuissent.
1115 2091 1117 2094 ’

279 2198 413 2266 Accedit
434 2198 524 2266 alind
547 2197 631 2283 quod
652 2198 784 2266 maioris
806 2199 905 2266 etiam
926 2201 1078 2268 momenti
1101 2207 1157 2269 est
1202 2203 1266 2269 He·

215 2302 346 2373 rodotus
376 2305 461 2372 enim
490 2311 522 2371 et
543 2302 705 2371 Diodorus
734 2308 767 2370 et
787 2303 930 2370 Iustinus
960 2311 1110 2392 narrant,
1142 2306 1269 2373 turbam

211 2416 406 2478 armatorum
427 2431 448 2476 a
468 2411 578 2478 Xerxe
606 2408 650 2476 ad
679 2408 893 2496 diripiendum
923 2411 1076 2496 templum
1107 2412 1267 2499 Apollinis

212 2514 356 2602 Delphos
378 2516 509 2583 missam
547 2515 706 2582 interiisse
740 2516 816 2600 quia
839 2514 892 2581 dei
912 2515 1107 2583 immortales
1128 2516 1191 2602 ipsi
1211 2517 1269 2583 mi·

212 2642 282 2688 rum
303 2622 337 2687 in
360 2621 489 2688 modum
517 2619 631 2686 aedem
653 2620 743 2687 illam
764 2641 891 2687 sacram
909 2619 1141 2706 defendissent3
1164 2641 1268 2706 neque

212 2744 403 2811 quemqnam
431 2725 484 2791 vel
515 2724 617 2793 obiter
647 2743 703 2790 eos
733 2725 893 2808 legentem
921 2724 1025 2808 fugiet
1054 2746 1137 2811 quae
1166 2731 1271 2792 exstet

211 2830 372 2898 intereos
394 2835 426 2896 et
447 2849 552 2896 rerum
574 2838 607 2895 et
630 2828 801 2895 verborum
823 2828 1007 2923 similitudo.

277 2935 386 3003 Nihilo
408 2935 521 3001 'secius
547 2954 589 2999 ex
611 2931 775 3000 Herodoto
806 2933 864 3000 illa
897 2933 1028 3002 fluxisse
1059 2956 1123 3002 non
1154 2942 1270 3022 putan-

213 3040 289 3105 dum
311 3048 374 3125 est,
398 3039 474 3124 qnia
496 3058 623 3124 versus,
647 3058 726 3122 qnos
748 3038 908 3107 Diodorus
931 3040 997 3128 (14,
1010 3041 1055 3129 4.)
1076 3041 1175 3108 tradit
1207 3048 1270 3109 tro·

213 3163 296 3229 paeo
319 3142 362 3209 ad
381 3144 529 3210 Pronaae
551 3142 716 3208 Minervae
737 3143 890 3228 templum
910 3145 946 3209 in
967 3144 1061 3211 huius
1083 3146 1131 3212 rei
1152 3164 1270 3212 memo·

213 3248 295 3315 riam
316 3270 337 3315 a
358 3247 524 3334 Delphicis
546 3253 651 3314 erecto
674 3247 845 3334 inscriptos
874 3248 983 3335 fnisse,
1005 3249 1187 3317 Herodotus
1205 3271 1269 3318 non

213 3353 386 3441 adscripsit
406 3374 510 3438 neque
533 3351 707 3438 quidquam
735 3353 865 3420 omnino
898 3353 938 3420 de
961 3354 1023 3421 hac
1051 3355 1270 3439 recognitum

212 3460 365 3528 habuisse
386 3459 521 3527 videtur.
587 3457 710 3538 Quodsi
740 3458 878 3546 denique
906 3459 1068 3528 Diodorus
1098 3461 1271 3528 memoriae

211 3565 359 3653 tradidit,
381 3567 525 3634 Xerxem
545 3564 682 3632 vastatis
704 3565 950 3653 Thespiensium
971 3566 1060 3652 agris
1082 3573 1115 3635 et
1128 3567 1271 3636 Plataeis

212 3672 353 3740 incensis
375 3672 410 3738 in
432 3672 573 3754 Atticam
595 3669 804 3755 irruptionem
834 3671 951 3740 fecisse
980 3673 1152 3756 artemque
1174 3673 1272 3739 Attea

212 3799 329 3846 aarum
352 3779 521 3860 deiecisse,
554 3797 627 3844 cnm
648 3776 813 3844 Herodoto
845 3785 927 3847 teste
958 3780 1035 3846 urbs
1067 3779 1139 3866 ipsa
1161 3778 1272 3847 decem

212 3883 376 3951 mensibus
398 3866 472 3968 post
494 3880 623 3948 demum
644 3901 665 3947 a
687 3881 855 3951 Mardouio
881 3884 965 3953 ferro
987 3883 1121 3969 ignique
1142 3889 1272 3952 uastata

213 3988 255 4056 sit
277 3987 367 4077 (Her.
388 3987 478 4073 VIII,
498 3986 552 4063 53,
573 3985 632 4071 IX,
656 3984 726 4073 13),
759 3986 833 4054 ideo
863 4009 929 4056 non
958 3987 1020 4055 soli
1047 3987 1172 4055 levitati
1193 3987 1272 4055 Dic·

213 4089 300 4172 dori,
323 4089 381 4159 sed
402 4089 538 4158 sontium
560 4089 741 4157 diversitati
763 4092 945 4180 tribuerim,
967 4091 1045 4177 quia
1071 4091 1158 4160 idem
1179 4093 1274 4160 Iusti·

213 4215 274 4264 nus
295 4201 328 4263 et
346 4195 455 4282 Nepos
471 4193 686 4262 tradiderunt.
709 4193 781 4280 (cfr.
802 4196 914 4264 Instin.
924 4197 967 4283 11,
981 4197 1032 4283 12,
1046 4196 1097 4263 11.
1109 4201 1142 4262 et
1158 4196 1273 4282 Nepot

212 4320 240 4368 c.
259 4300 291 4388 4,
315 4301 343 4367 1.
357 4299 541 4388 ,Nipperdei
560 4297 610 4366 ed.
631 4298 706 4366 mai.
728 4300 763 4369 O.
785 4302 866 4390 Nep.
887 4324 919 4390 p.
941 4301 1007 4390 82.)
