2954 4772
750 275 793 342 ’16

247 444 388 530 aliquem
422 467 462 514 ea
495 447 656 514 iuvenisse
690 447 852 532 putandus
874 447 935 532 sit,
969 445 1229 538 „accuratissima
1257 449 1304 510 cst
1419 445 1422 496 l

249 549 333 616 enim
357 550 419 618 loci
442 550 624 637 descriptio,
647 557 682 617 ut
704 551 804 618 oculis
827 551 935 618 stilum
957 550 1096 616 auctoris
1118 551 1208 634 sequi
1229 570 1303 636 pos·

192 737 196 752 .
250 654 304 740 sis,
325 675 429 740 eaque
450 656 565 723 comici
585 656 728 741 iusuper,
751 676 885 741 quorum
894 655 1084 722 testimoniis
1099 654 1202 721 omnis
1224 654 1304 720 haec

250 760 475 843 antiquitatum
483 760 723 847 doctrinaapud
731 761 1085 847 antiquioresillustrari
1093 759 1227 844 solebat,
1235 760 1305 825 loco
1424 779 1425 782 ¹

250 865 404 932 stabilita.
436 866 548 950 Neque
558 867 796 934 asseverantius
807 886 898 932 suam
909 866 1092 952 opinionem
1102 865 1218 951 posuit,
1230 863 1307 930 scri·

251 967 350 1033 behet
372 968 457 1034 euim
479 966 523 1044 ὡς
544 966 695 1034 thoraca
715 968 844 1052 μᾶλλον
867 972 887 1055 ἢ
907 971 1108 1050 γιγνώσκων,
1129 967 1215 1053 quod
1238 967 1305 1034 noli

252 1071 297 1138 ad
319 1071 564 1159 descriptionem
585 1074 648 1141 loci
670 1074 802 1160 referre,
837 1095 920 1159 quae
947 1076 1026 1142 satis
1058 1075 1220 1143 luculenta
1251 1079 1310 1155 est

253 1196 364 1244 rerum
397 1179 529 1246 nolebat
555 1177 751 1246 confidenter
783 1180 825 1246 de
858 1182 983 1248 ossibus
1015 1179 1239 1246 Themistoclis
1277 1179 1310 1244 iu

254 1282 394 1350 Atticam
414 1282 591 1370 deportatis
612 1304 875 1372 commemorare,
909 1284 1092 1369 dequibus
1125 1283 1311 1351 dubitanter

255 1395 365 1454 narrat
398 1389 496 1455 etiam
516 1389 623 1482 'Phua⁴
638 1389 670 1474 Ι,
695 1389 775 1456 13811
790 1389 825 1476 ¹).
881 1391 932 1457 De
962 1392 1031 1456 vita
1059 1395 1092 1456 et
1121 1389 1312 1456 auctoritate

256 1491 390 1560 Diodori
423 1495 582 1580 permulta
613 1494 732 1580 scripta
761 1502 836 1561 sunt
867 1495 910 1562 ab
944 1495 1125 1562 hominibus
1161 1493 1267 1561 doctis
1277 1493 1313 1580 2),

217 1631 218 1636 .
257 1599 351 1666 nobis
379 1620 455 1666 vero
478 1599 582 1666 fontes
604 1600 699 1665 huius
732 1601 847 1685 capitis
869 1600 1052 1667 Plutarchei
1082 1598 1314 1684 indagantibus

256 1705 388 1770 maximi
409 1706 560 1772 momenti
581 1711 640 1790 est,
662 1703 747 1789 qnod
769 1725 842 1793 cum
864 1727 928 1772 non
950 1705 1054 1772 solnm
1076 1705 1116 1772 de
1139 1704 1241 1772 demis
1258 1705 1315 1771 At·
1342 1763 1345 1769 .

256 1809 345 1893 tiois,
372 1809 413 1876 de
434 1810 646 1876 monumentis
668 1810 903 1895 sepulcrorum,
936 1808 976 1876 de
997 1810 1116 1875 fabulis
1138 1809 1315 1893 ritibusque

258 1914 358 1980 sacris
380 1915 546 2002 scripsisse
568 1921 703 1992 constat,
726 1913 784 1982 scd
799 1915 1004 1998 inquisivisse
1025 1915 1122 1980 otiam
1144 1915 1178 1980 iu
1197 1914 1316 2000 stirpes
1414 1988 1416 1994 ,

261 2004 454 2087 familiarum
478 2019 656 2084 Atticarum
690 2019 871 2104 fragmento
896 2019 927 2086 4.
936 2016 963 2106 8)
992 2018 1115 2084 ePlut.
1137 2018 1216 2084 Oim.
1244 2037 1318 2104 cap.

261 2121 302 2186 16
332 2120 498 2207 desumpto
527 2129 624 2208 patet.
669 2124 741 2203 Qua
763 2123 803 2190 de
825 2143 924 2190 causa
953 2123 983 2189 ei
1010 2123 1150 2189 tribuere
1173 2143 1236 2188 uon
1260 2115 1318 2186 du·

259 2228 327 2294 bito
356 2249 429 2295 cum
457 2249 540 2312 quae
568 2229 660 2295 initio
683 2249 752 2314 cap.
775 2229 905 2295 XXXII
927 2229 1168 2295 accuratissime
1199 2226 1238 2294 de
1261 2248 1318 2311 ge·

260 2351 336 2398 nere
358 2333 581 2400 Themistoclis
614 2335 761 2420 exposita
793 2340 883 2418 sunt,
915 2340 982 2400 tum
1012 2353 1094 2417 quae
1126 2332 1320 2400 Plutarchus

263 2435 392 2501 nominc
421 2437 490 2503 eius
522 2434 683 2523 adscripto
716 2436 791 2503 iude
821 2459 842 2504 a
871 2457 967 2503 versu
997 2437 1105 2503 3-15
1128 2436 1216 2523 (pag.
1238 2437 1319 2523 252)

264 2539 407 2606 tradidit.
450 2541 586 2624 Reliqua
619 2562 694 2607 uum
717 2561 758 2607 ex
780 2562 836 2608 ore
858 2542 1055 2628 Ammonii⁴)
1085 2542 1231 2625 magistri
1253 2563 1321 2608 om-

263 2644 319 2710 nia
340 2644 478 2711 audierit
508 2665 551 2710 an
572 2644 703 2710 aliunde
730 2645 871 2712 hauserit
893 2666 951 2732 pro
981 2652 1068 2713 certo
1091 2651 1231 2712 statuere
1254 2666 1321 2713 uon

263 2769 377 2816 ausrm.

328 2854 379 2919 De
400 2855 533 2940 Nepotis
564 2861 671 2921 autem
698 2855 803 2941 capite
835 2854 959 2922 decimo
989 2854 1153 2940 disputare
1175 2873 1322 2939 superse-

267 2957 342 3024 dere
364 2978 511 3044 possum,
534 2959 610 3042 quia
634 2965 666 3024 et
687 2957 901 3045 Nipperdeius
923 2965 955 3024 ct
976 2957 1167 3043 Rinokius⁵)
1190 2977 1323 3023 accura-

265 3063 387 3130 tissime
410 3062 715 3150 demonstraveruut,
738 3085 809 3131 cum
826 3083 866 3130 ex
879 3063 1069 3148 Thucydide
1079 3084 1143 3128 noa
1165 3062 1324 3131 hausisse.

267 3169 380 3251 Itaque
413 3188 484 3232 oum
514 3168 654 3254 capitum
687 3189 770 3252 quae
799 3167 995 3254 praecedant
1015 3167 1180 3253 Ephorum
1203 3166 1324 3232 fontem

267 3271 366 3338 luisse
398 3273 631 3340 demonstrasse
653 3273 731 3339 mihi
759 3272 883 3358 videar,
904 3274 973 3340 iure
995 3271 1100 3338 eidem
1123 3293 1193 3358 cap.
1215 3272 1247 3336 X
1269 3271 1325 3336 tri·

268 3379 411 3443 huemus.

334 3483 423 3546 Haec
446 3481 514 3547 fere
537 3481 637 3548 habui
659 3501 742 3566 quae
764 3482 805 3548 de
827 3481 1010 3548 auctoribus
1032 3481 1213 3564 Plutarchi,
1246 3479 1323 3545 Dio-

345 3715 371 3784 1)
390 3713 544 3778 Praller,
563 3713 598 3769 ad
618 3713 762 3783 Polou-p.
783 3712 844 3767 171.

344 3805 371 3875 2)
390 3803 440 3859 clr.
460 3803 600 3870 hlilllsr,
619 3803 638 3858 f.
656 3802 684 3857 h.
704 3801 737 3857 G.
755 3802 793 3867 H,
812 3803 874 3857 353.

343 3896 371 3965 3)
390 3893 537 3958 Mflller,
556 3893 576 3948 l.
594 3893 614 3947 l.
633 3892 669 3958 ΙΙ,
689 3893 751 3947 354.

345 3987 373 4056 4)
392 3985 426 4040 de
446 3983 596 4039 Ammonio
613 3981 679 4038 vide
698 3981 957 4046 Weatermann‚
976 3975 1176 4035 commentatio
1195 3974 1230 4030 dc
1249 3973 1328 4028 Plut-

273 4073 354 4131 archi
372 4073 434 4129 rita
452 4071 628 4142 staminiis,
652 4071 683 4125 in
701 4068 827 4125 editione
847 4067 1027 4125 Belrheriana
1045 4066 1067 4131 Ι,
1085 4083 1113 4136 p.
1133 4063 1167 4129 V,
1186 4063 1284 4118 annot.
1303 4061 1328 4115 5.

273 4164 462 4234 Heraherg
482 4161 581 4216 Gssch.
593 4159 706 4216 Griech.
725 4178 753 4213 n.
772 4157 800 4212 d.
812 4157 943 4215 Hcrrsch.
961 4156 989 4211 d.
1001 4157 1083 4212 Rom.
1100 4153 1136 4219 ΙΙ,
1155 4171 1183 4223 p.
1205 4151 1255 4206 161
1270 4167 1329 4217 seq.

349 4252 377 4320 5)
396 4248 613 4319 Nipperdey,
632 4249 651 4304 l.
670 4248 689 4302 l.
709 4266 736 4316 p.
756 4247 799 4300 30.
819 4275 851 4286 -
873 4245 998 4310 lliuclr,
1017 4243 1036 4298 l.
1054 4244 1073 4299 l.
1088 4260 1115 4312 p.
1135 4241 1209 4296 hxx
1224 4256 1283 4306 seq.
