2954 4772
727 303 775 393 is

216 481 395 568 consentire
416 498 518 586 mulo,
546 519 643 586 quarn
665 519 737 566 cum
758 499 885 587 Riesio,
916 499 971 586 qui
991 521 1095 587 nuper
1107 499 1150 588 ι),
1184 483 1272 568 omni

215 625 256 673 ex
277 611 370 694 parte
389 604 618 691 aequissimum
638 606 881 693 Theopompum
903 605 1003 674 fuisse
1019 627 1123 674 rerum
1140 606 1273 693 scripto·

219 731 304 799 rem,
327 711 381 797 qui
402 711 527 780 alienus
552 713 594 779 ub
617 713 705 779 omni
726 712 954 779 malevolentia
984 711 1054 779 siue
1075 712 1125 779 ira
1154 717 1187 778 et
1208 717 1272 778 stu-

222 815 276 885 dio
298 817 496 906 scripsisset,
518 819 656 905 probare
678 816 807 886 studuit
830 856 875 868 -
928 818 971 884 At
991 817 1185 886 Plusarchus
1206 818 1276 905 ipsc

220 923 391 992 Platonem
421 929 583 991 auctorem
617 925 763 992 nominat
801 922 845 1010 (v.
868 925 909 991 31
944 946 975 1011 p.
997 924 1094 1013 222),
1123 931 1157 992 et
1176 925 1277 991 verba

221 1029 290 1097 eius
321 1029 405 1098 benc
444 1036 625 1116 congruunt
663 1051 735 1098 oum
768 1029 912 1098 Platonis
945 1050 1028 1114 quae
1061 1030 1211 1116 leguntur
1241 1029 1276 1097 in

221 1137 307 1223 legg.
329 1137 376 1203 IV
408 1138 536 1225 ploti,
559 1137 590 1203 b.
635 1134 803 1222 Concedo3
838 1134 897 1202 scd
918 1135 953 1202 id
978 1135 1084 1222 ipsum
1106 1134 1150 1203 ad
1172 1135 1275 1206 Theo-

218 1243 328 1332 pompi
360 1244 580 1311 auctoritatem
610 1263 669 1310 nos
697 1242 793 1310 ducit.
854 1241 1045 1309 Plutarchus
1074 1242 1176 1330 euim,
1206 1247 1278 1310 utut

219 1350 387 1418 Platonem
408 1349 518 1434 magui
541 1349 730 1416 aestimasse
751 1345 913 1435 putandus
936 1353 993 1435 est,
1016 1355 1124 1417 tamen
1146 1349 1181 1416 in
1201 1349 1277 1417 ritis

219 1453 397 1523 scribeu'dis
419 1461 549 1521 auctore
572 1475 610 1522 eo
639 1454 688 1520 uti
709 1474 774 1521 non
794 1459 936 1541 poterat,
969 1474 1074 1538 neque
1103 1453 1148 1520 ad
1179 1474 1278 1522 nnurn

220 1561 340 1628 dictum
362 1560 561 1629 afferendum
582 1581 655 1627 eum
686 1560 786 1627 libros
815 1560 884 1626 eius
915 1561 1074 1628 evolvisse
1103 1561 1277 1628 verisimile

222 1673 284 1754 cst3
313 1668 555 1754 Theopompum
578 1673 706 1750 contra,
737 1666 883 1732 Platonis
906 1686 984 1753 opus
1006 1667 1090 1734 bene
1113 1668 1277 1752 cognitum

219 1773 390 1852 habuisse,
412 1795 494 1861 „quo
517 1773 638 1840 nullum
659 1771 756 1838 facilc
779 1778 885 1839 exstat
900 1772 1017 1840 veteris
1032 1772 1168 1841 alicuius
1187 1795 1278 1863 opus,

221 1882 312 1949 cuius
333 1879 414 1948 tides
437 1886 469 1947 et
490 1880 665 1947 auctoritas
687 1885 753 1945 tam
775 1879 883 1946 multis
905 1880 1124 1965 gravibusque
1139 1882 1278 1968 antiqui·

220 1986 297 2054 tatis
318 1987 509 2055 testimoniis
532 1986 719 2054 confirmata
742 1985 900 2052 habeatur
908 1987 926 2022 “
940 1985 966 2074 2)
997 2006 1068 2067 curn
1090 2008 1148 2074 per
1169 2008 1204 2056 se
1226 2008 1277 2056 sa·

219 2093 262 2160 tis
284 2091 437 2160 credibile
460 2099 526 2179 est,
557 2099 625 2159 tum
655 2092 750 2159 certis
773 2093 970 2177 argumentis
992 2096 1162 2180 probatur,
1191 2092 1278 2179 quod

219 2197 254 2266 in
287 2197 477 2284 fragmentis
498 2199 571 2284 279,
602 2199 676 2284 280,
696 2196 798 2285 281³)
830 2198 1056 2286 Theopompus
1082 2201 1153 2287 ipse
1174 2201 1277 2288 philo·

220 2305 356 2392 sophum
377 2305 467 2371 illurn
487 2304 646 2390 nominat,
670 2303 766 2370 stab
788 2304 955 2372 Athenaeo
965 2304 993 2394 4)
1014 2307 1115 2392 ,κατὰ
1140 2307 1277 2372 lituru-

221 2429 277 2484 νος
315 2407 479 2494 διατριβή“
519 2408 588 2476 eius
623 2409 930 2498 commemoratur.⁵)
1006 2411 1066 2477 His
1106 2410 1205 2496 igitur
1236 2412 1276 2478 de

224 2514 347 2601 causis,
367 2515 610 2602 Theopompum
640 2520 673 2581 et
693 2514 858 2582 Plutarchi
888 2520 920 2583 et
942 2515 1076 2602 Nepotis
1107 2521 1139 2583 et
1160 2514 1276 2584 Iustiui

221 2627 383 2688 auctorem
404 2619 521 2707 fuisse,
551 2625 691 2686 statuere
721 2639 816 2705 posse
845 2619 925 2686 mihi
946 2621 1034 2688 visus
1056 2641 1135 2702 sum.
1178 2621 1278 2687 Plura

220 2745 295 2794 vero
319 2746 428 2793 eorum
451 2745 534 2810 quae
556 2744 613 2791 sex
636 2723 748 2810 primis
770 2724 930 2811 capitibus
957 2725 1158 2793 continentur
1179 2745 1221 2792 ex
1238 2745 1276 2792 eo

219 2829 367 2918 fluxisse,
390 2832 446 2897 vix
469 2831 638 2916 quisquam
660 2831 801 2916 putabit,
835 2852 934 2915 quare
957 2852 1040 2898 nunc
1073 2831 1118 2898 ad
1139 2852 1209 2919 cap.
1231 2831 1277 2916 Vl

218 2929 437 3022 transeamus,
460 2934 546 3020 quod
568 2955 639 3001 curn
661 2955 726 3001 non
748 2935 870 3002 minore
890 2936 1026 3004 fortasse
1048 2937 1277 3024 probabilitate

219 3061 276 3111 suo
299 3041 423 3108 auctori
443 3040 562 3107 ascribi
583 3046 697 3126 potest.

166 3217 176 3228 ,
285 3149 402 3214 Totum
437 3146 522 3214 enim
549 3146 631 3212 illud
666 3151 763 3232 eaput
784 3145 840 3212 nni
862 3146 943 3213 fonti
965 3144 1091 3235 deberi,
1112 3145 1277 3216 Plutarchi

221 3251 323 3340 ipsius
340 3252 448 3342 serbis
469 3252 548 3319 satis
563 3252 725 3340 probatur,
749 3253 825 3338 quia
839 3252 1015 3320 arctissime
1037 3254 1185 3338 singulae
1204 3276 1277 3340 nar·

221 3359 420 3426 ratiunculae
442 3379 478 3426 se
502 3359 683 3446 excipiunt3
716 3380 746 3425 v.
769 3361 811 3425 23
837 3360 922 3427 enirn
950 3358 1027 3426 dicit
1054 3359 1202 3448 ἐκστῆναι
1222 3366 1277 3446 τῆς

222 3467 407 3552 στρατηγίας
429 3463 617 3551 λέγουσι,
640 3462 756 3531 deinde
779 3485 809 3531 v.
831 3466 875 3532 30
893 3461 1137 3544 Ἐπαινεϊται
1158 3464 1199 3528 δὲ
1220 3462 1277 3529 αὖ·

221 3575 276 3640 τοῦ
297 3576 352 3636 καὶ
373 3573 407 3636 τὰ
430 3575 502 3657 περ)
522 3573 578 3637 τὸν
600 3570 770 3651 δίγλωττον
790 3571 902 3656 ἔργον,
936 3578 1003 3639 turn
1025 3594 1055 3640 v.
1077 3569 1098 3638 2
1130 3570 1174 3659 (p.
1197 3571 1275 3660 225)

218 3678 291 3744 Ἔτι
313 3678 354 3742 ur
376 3682 447 3742 arat
468 3681 502 3742 τὸ
526 3682 598 3766 περὶ
614 3678 786 3765 Ἄρθμιον,
809 3678 1041 3765 ubdeuique:
1062 3679 1276 3760 Μέγιστον

294 3943 320 4015 l)
340 3941 457 4011 Riese,
475 3940 506 3998 iu
525 3929 698 4000 Pleclreisen.
718 3942 813 4001 annal.
835 3944 903 4002 1870
922 3961 950 4017 p.
970 3944 1022 4002 776
1041 3962 1100 4016 seq.
1268 3983 1270 3990 ,

292 4036 321 4106 2)
340 4033 554 4102 Stallbaum‚
572 4034 700 4107 prolegg.
719 4035 757 4091 ad
775 4034 904 4092 Platonis
922 4037 996 4108 legg.
1015 4055 1043 4108 p.
1061 4033 1203 4096 XXXVII.
1264 4099 1267 4109 ¹

292 4125 321 4195 3)
340 4124 486 4192 Mllller,
504 4124 665 4197 fragmenta
684 4125 712 4179 h.
732 4124 765 4180 G.
785 4125 807 4192 Ι,
825 4143 853 4196 p.
873 4126 934 4181 326.

292 4217 322 4287 4)
341 4216 445 4272 Athen.
464 4213 512 4270 XI.
532 4233 560 4286 p.
578 4215 640 4272 508.
747 4274 750 4279 ,

209 4296 214 4301 ’
293 4305 321 4378 5)
340 4305 390 4362 cir.
409 4305 558 4373 Mhller,
574 4305 594 4362 f.
613 4306 642 4361 h.
659 4305 694 4364 G.
712 4305 734 4374 Ι,
752 4324 781 4377 p.
798 4305 924 4364 LXXIII.
