2954 4772
210 1209 279 1339 Dc
301 1267 526 1336 Themistoclis
548 1265 732 1334 Plutarehei
753 1263 895 1330 fontibus
918 1263 1076 1350 scripturo
1100 1263 1179 1330 mihi
1201 1284 1266 1330 non

210 1374 307 1442 venia
335 1374 476 1461 petenda
506 1373 567 1440 crit
598 1371 732 1458 incepti,
766 1370 858 1455 quia,
893 1369 1006 1454 quanti
1042 1368 1194 1436 momenti
1225 1369 1267 1440 sit

211 1480 356 1565 quaestio
379 1478 537 1548 eiusmodi
559 1484 644 1544 reete
665 1476 813 1543 instituta
842 1496 916 1542 cum
944 1474 988 1540 ad
1010 1473 1267 1560 cognoscendam

212 1591 245 1652 et
265 1585 363 1672 plane
384 1583 628 1670 intelligendam
650 1582 814 1669 scriptoris
834 1582 936 1668 ipsius
959 1580 1114 1666 indolem,
1136 1586 1203 1648 tum
1225 1579 1268 1648 ad

213 1689 325 1757 iudicii
347 1689 388 1758 de
409 1691 495 1758 illius
518 1689 669 1776 temporis
691 1688 826 1755 historia
848 1687 973 1754 ferendi
1002 1686 1205 1774 prudentiam
1235 1695 1267 1755 et

213 1795 433 1882 securitatem,
467 1801 543 1862 ante
573 1816 623 1861 me
652 1793 798 1861 homines
832 1792 924 1859 multi
954 1799 1050 1878 atque
1082 1793 1268 1880 doctissimi,

213 1921 286 1968 cum
308 1901 472 1968 Plutarchi
494 1901 636 1968 sontibus
658 1899 854 1985 indagandis
877 1920 1008 1986 operam
1042 1899 1171 1985 darent,
1201 1898 1265 1967 dis·

212 2008 440 2078 sertationibus
463 2007 702 2076 accuratissime
725 2007 851 2094 seriptis
873 2006 952 2074 satis
969 2006 1268 2074 demonstraverunt

211 2119 244 2181 et
273 2115 499 2202 probaverunt.
566 2115 656 2194 Quae
684 2113 889 2198 quaestiones
919 2134 991 2179 cum
1018 2113 1111 2180 initio
1129 2113 1176 2180 ita
1202 2113 1269 2180 sere

211 2217 469 2306 instituerentur,
492 2223 527 2285 ut
549 2219 584 2285 in
604 2219 787 2286 universum
810 2219 941 2286 nomina
967 2239 1076 2286 eorum
1106 2238 1186 2304 quos
1208 2223 1269 2286 tes-

211 2331 260 2392 tes
282 2324 473 2393 Plutarchus
494 2325 565 2412 ipsc
585 2330 855 2412 commemoraret,
878 2324 1268 2411 comprehenderentur¹),

211 2428 411 2518 Sauppiusll
446 2452 549 2520 nuper
584 2431 723 2514 monuit,
761 2433 808 2498 ita
846 2432 949 2499 solum
982 2451 1016 2498 rc
1044 2452 1123 2497 vera
1152 2452 1269 2517 operae

213 2534 349 2603 fructum
372 2535 458 2604 citici
479 2556 592 2624 posse,
614 2537 787 2604 ut-acriter
808 2544 841 2604 et
860 2543 954 2604 acute
977 2536 1184 2606 dissolvenda
1202 2538 1269 2603 sin·

210 2641 363 2726 pulcrum
384 2642 523 2710 vitarum
552 2644 752 2730 narratione,
783 2649 936 2729 quantum
970 2643 1041 2712 fieri
1071 2649 1180 2730 posset
1206 2643 1269 2728 pri,-

212 2765 299 2812 mum
320 2754 566 2832 cognosceretur
587 2769 628 2815 ex
651 2769 789 2833 quonam
819 2754 948 2815 auctore
971 2749 1123 2835 primario
1145 2747 1269 2814 Plutar-

107 2873 116 2882 ‘
211 2850 289 2919 chus
310 2872 425 2940 corpus
447 2854 541 2937 quasi
568 2853 761 2922 narrationis
791 2854 1006 2940 contexuerit,
1038 2853 1154 2921 deinde
1184 2852 1269 2920 unde

210 2957 335 3041 reliqua
366 2956 409 3023 ad
439 2957 643 3045 splendorem
675 2960 744 3026 eius
777 2979 816 3025 ac
845 2965 1047 3058 venustatem
1075 2959 1269 3046 augendam,

211 3061 263 3128 hic
292 3062 359 3128 illic
388 3063 529 3149 inserta,
564 3063 723 3130 fluxerint.
788 3064 901 3149 Itaque
930 3065 982 3132 his
1010 3066 1178 3152 postremis
1213 3086 1269 3132 an-

211 3162 262 3230 nis
285 3163 486 3249 singularum
508 3166 647 3234 vitarum
678 3167 821 3235 fontibus
845 3167 1010 3255 eruendis,
1044 3170 1084 3235 de
1106 3169 1271 3237 Plutarchi

212 3269 403 3338 auctoritate
426 3278 458 3340 et
479 3293 598 3359 genere
628 3272 790 3341 scribendi
827 3275 1008 3341 accuratius
1037 3276 1269 3360 cognoscendis

213 3375 295 3444 hene
304 3383 488 3445 meruerunt
499 3378 644 3447 homines
658 3380 835 3472 doctissimi
849 3380 943 3468 Ruhl,
965 3380 1154 3467 Stedefeldt,
1163 3382 1269 3469 Prinz,

209 3481 322 3574 Peter,
351 3483 487 3572 Fricke,
517 3485 688 3576 Flttgcl³);
719 3507 822 3574 neque
851 3487 983 3556 minoris
1013 3488 1164 3555 momenti
1196 3493 1270 3556 sunt

285 3694 312 3768 1)
329 3695 476 3765 Haeren,
495 3698 530 3756 de
548 3698 676 3756 fontibus
695 3702 725 3756 et
743 3703 819 3757 auct.
832 3701 898 3758 vitt.
916 3699 1017 3772 purall.
1030 3697 1178 3755 Plutarchi
1195 3714 1270 3754 oom-

211 3787 314 3843 mantt.
331 3786 380 3843 IV.
400 3787 479 3845 cocu
501 3790 579 3846 1820.
595 3820 623 3831 -
664 3791 780 3864 flung,
799 3792 846 3849 die
865 3791 984 3860 Quellen
1002 3790 1151 3847 Plutarch·
1169 3789 1199 3846 in
1214 3788 1270 3845 den

211 3875 566 3952 hebensbaschreibungen
584 3881 635 3937 der
655 3880 803 3939 Griechen.
841 3882 990 3956 Tttbingen
1010 3881 1089 3938 1854.

209 4039 211 4044 Ι
283 3967 312 4038 2)
330 3965 383 4024 Die
394 3968 514 4035 Quellen
522 3970 599 4026 Plut.
611 3971 656 4026 ihr
665 3972 716 4027 das
725 3973 819 4030 leben
830 3973 879 4030 des
888 3973 1021 4030 Pericles.
1039 3971 1116 4028 cote.
1129 3971 1207 4027 1861.
1216 3971 1269 4042 pti

283 4057 312 4129 3)
331 4057 437 4126 Ruhl,
464 4058 511 4116 die
530 4060 649 4128 Quellen
668 4062 819 4119 Plutarehs
837 4063 877 4119 im
894 4063 989 4119 heheu
1008 4062 1057 4118 des
1072 4061 1184 4118 Kimon.
1204 4059 1270 4116 diss.

210 4147 349 4219 hiarburg
367 4148 447 4206 1867.
469 4177 498 4192 ’-
536 4150 612 4207 idem
636 4149 667 4206 in
697 4152 796 4209 Jahnii
820 4171 886 4210 ann·
908 4153 977 4210 1868
999 4170 1027 4223 p.
1047 4152 1099 4210 657
1120 4170 1190 4222 seq„
1224 4149 1270 4206 die

210 4235 330 4303 Quallen
346 4236 422 4292 Plut.
442 4237 483 4294 im
501 4239 597 4296 heheu
615 4239 664 4295 des
683 4241 813 4298 Pericles.
834 4272 868 4282 -
911 4239 1135 4305 Stcdeteldt,
1161 4238 1195 4294 de
1214 4237 1269 4308 Ly-

207 4327 308 4402 sundri
327 4328 492 4406 Plutarohei
514 4330 650 4406 fontibus.
679 4330 745 4391 diss.
770 4333 885 4392 Bonnae
906 4333 983 4392 1861.
1011 4358 1045 4374 ·-
1088 4328 1206 4398 Prinu,
1231 4327 1266 4386 de
