2954 4772
740 319 783 388 34

226 499 280 569 ad
299 519 409 586 regem
428 497 778 586 mitteretur‚'scripsit:
798 497 923 580 ’πέμπει
939 493 1010 559 aad
1032 495 1096 558 acia
1116 491 1293 575 βασιλικῶν

236 604 400 689 εὐνούχων
422 607 458 670 έν
480 614 545 682 τοῖς
572 602 787 688 αἰχμαλώτοις
808 595 969 687 α’νεορών,
996 597 1155 685 Ἀρνοίιιην
1177 598 1292 681 ὄνομα,

238 713 399 782 Diodorus
412 714 462 799 12,
485 713 642 779 dautem:
664 708 719 774 cdv
729 706 939 788 παιδαγωγὸν
949 708 1012 770 ιιόν
1023 703 1116 768 ἰδίων
1125 699 1205 768 οἰῶν
1215 699 1294 766 ἀπέ-

239 816 340 882 manta
362 817 441 900 πρὸς
463 814 524 880 ιον·
540 815 665 899 Ξέρξην
687 837 716 879 ιι.
738 834 764 878 τ.
787 810 815 878 λ.
839 811 934 897 dicit,
965 816 1062 894 atque
1091 807 1144 873 hic
1165 804 1294 891 quidem

239 925 300 990 hoe
327 923 399 990 loco
429 941 501 987 cum
522 921 685 988 Herodoto
716 917 864 1002 congruit
891 938 911 983 u
934 912 1106 982 Plutarcho
1137 909 1292 980 dissentit.

238 1031 358 1098 Neuter
380 1026 464 1093 enim
487 1032 620 1109 utroque
641 1026 712 1092 loco
735 1045 807 1090 curn
828 1022 991 1089 Herodoto
1013 1019 1108 1105 facit,
1135 1013 1193 1084 sed
1214 1016 1296 1084 alter

239 1134 340 1201 altero
362 1131 433 1198 loco
448 1129 718 1198 eonsentitaltero
740 1128 810 1195 loco
823 1128 863 1194 ab
887 1147 924 1194 eo
942 1123 1099 1209 dissentit,
1121 1129 1153 1188 et
1175 1125 1295 1206 quanta

239 1239 337 1307 fuerit
376 1236 476 1328 Siculi
518 1235 719 1320 negligentia
759 1233 838 1302 satis
880 1231 968 1319 apud
1007 1249 1117 1299 omnes
1161 1232 1295 1296 constat.

240 1346 324 1412 Nam
346 1339 432 1426 quod
455 1339 640 1418 Schilderus
673 1340 727 1424 qui
749 1340 797 1408 uti
811 1338 946 1406 Wolfius
967 1341 1068 1424 putat,
1090 1332 1295 1401 Plutarchum

228 1448 322 1516 haee
349 1446 456 1516 omnia
486 1465 526 1513 en
549 1445 712 1513 Herodoto
736 1444 903 1530 hausisse‚'
928 1443 1001 1509 enm
1034 1441 1107 1508 ideo
1131 1442 1174 1508 ah
1196 1441 1296 1506 Hero·

241 1553 317 1620 doto
340 1551 502 1619 diversum
535 1570 606 1617 esse
637 1549 751 1636 voluit,
782 1549 858 1634 quia
880 1547 1082 1633 negligenter
1103 1546 1182 1612 VIII
1205 1565 1231 1610 c.
1253 1543 1297 1610 75

242 1678 300 1744 pro
322 1677 359 1724 eo
382 1655 467 1740 quod
490 1656 644 1742 seriptum
667 1662 731 1724 est:
765 1656 883 1738 πέμπει
905 1653 938 1728 ές
959 1653 993 1717 τὸ
1016 1649 1233 1737 στρατόπεδον
1254 1647 1295 1712 td

243 1761 312 1845 Μη
323 1758 344 1824 δ
351 1780 404 1823 ων
426 1758 555 1843 ἄνδρα
578 1759 701 1846 πλόιῳ,
735 1759 884 1844 legisset:
907 1758 1028 1841 πέμπει
1049 1755 1083 1830 ές
1111 1756 1145 1819 ad
1168 1756 1296 1839 στρατό·

242 1861 343 1928 πιδον
365 1866 440 1928 τοῖν
461 1867 506 1926 Μ
510 1863 531 1947 η’
538 1863 559 1927 d
566 1885 619 1927 ων
642 1861 774 1947 ἄνδρα
808 1863 900 1950 (dicit
930 1863 1015 1929 enim
1035 1861 1226 1952 Plutarchus
1248 1861 1297 1928 si-

242 1968 370 2034 cinnum
391 1966 490 2034 fuisse
512 1967 653 2054 Persam,
675 1968 856 2035 Herodotus
875 1967 978 2034 solum
1000 1967 1120 2051 οἰκέτης
1140 1969 1195 2030 aul
1216 1989 1297 2032 παι-

230 2068 402 2157 δαγωγὸς)
423 2071 518 2137 nimis
550 2071 721 2140 artificiose
751 2073 968 2158 excogitatum
998 2077 1095 2156 atque
1123 2091 1161 2138 eo
1190 2071 1298 2158 potius

227 2172 444 2240 ‘referendum
466 2194 553 2260 esse,
575 2181 610 2241 ut
632 2176 823 2244 Plutarchus
845 2197 910 2244 non
932 2196 972 2242 ex
994 2175 1156 2243 Herodoto
1178 2176 1235 2243 sed
1258 2196 1299 2242 ex

242 2280 307 2347 alio
339 2286 469 2347 auctore
501 2280 581 2347 haec
603 2282 829 2370 desumpserit,
863 2281 1091 2370 Sintenisius1)
1122 2281 1298 2348 rectissime

243 2387 309 2452 iam
334 2385 466 2453 monuit.
508 2385 574 2453 Sed
592 2387 658 2453 iam
685 2408 866 2474 pergamus
920 2389 1055 2456 Nuntiat
1078 2388 1177 2475 igitur
1197 2389 1299 2455 Xerxi

244 2491 374 2558 nuntius
395 2491 450 2558 ille
460 2489 695 2579 Themistoclis,
718 2494 859 2561 Graecos
882 2493 995 2579 fugam
1013 2514 1129 2580 parare
1153 2499 1184 2560 et
1205 2513 1300 2581 posse

245 2619 354 2682 regem
384 2596 428 2683 si,
451 2597 618 2682 quominus
643 2619 714 2665 eum
736 2600 877 2666 exercitu
898 2599 1040 2686 pedestri
1076 2620 1111 2666 se
1127 2600 1300 2685 coniunge-

245 2709 316 2770 rent
337 2721 392 2768 eos
414 2701 623 2788 impediturus
644 2710 737 2790 esset,
760 2724 823 2771 uno
845 2704 967 2790 proelio
989 2708 1090 2770 totam
1105 2704 1301 2771 Graecorum

232 2812 434 2896 ‘potestatem
469 2807 620 2874 navalem
648 2807 790 2894 perdere.
840 2808 946 2892 Atque
976 2807 1136 2875 Diodorus
1172 2805 1300 2893 qmdem

245 2921 277 2981 et
299 2911 489 2979 Plutarchus
511 2919 657 2980 auctores
679 2920 769 3001 sunt,
790 2914 960 3001 plurimum
981 2913 1122 2980 valuIsse
1144 2911 1188 2980 ad
1210 2913 1300 2980 timo·

245 3039 312 3086 rem
334 3017 528 3085 Graecorum
551 3020 749 3106 augendum,
783 3018 870 3104 quod
895 3019 1032 3087 seiuncti
1054 3025 1161 3086 essent
1183 3020 1225 3086 ab
1247 3041 1301 3086 ex-

248 3124 347 3191 ercitu
383 3122 524 3210 pedestri
567 3145 739 3211 omnesque
777 3130 812 3191 ut
841 3145 913 3192 curn
950 3147 988 3193 eo
1034 3123 1301 3210 coniungerentur

248 3231 388 3298 maxime
410 3237 555 3317 optasse,
577 3232 825 3299 Themistoclem
847 3239 954 3299 autem
976 3232 1010 3298 id
1031 3233 1136 3319 ipsum
1159 3233 1301 3301 noluisse

247 3344 280 3406 et
306 3357 415 3421 regem
448 3336 652 3405 adhortatum
674 3357 758 3424 esse,
791 3344 826 3404 ut
849 3339 990 3405 Graecos
1019 3358 1060 3404 ne
1090 3337 1124 3404 id
1157 3337 1301 3406 lacerent

246 3441 449 3530 prohiberet,
472 3442 568 3528 (Plut.
602 3461 671 3529 cap.
698 3443 765 3508 XII
796 3463 827 3509 ν.
849 3443 890 3508 31
930 3463 962 3529 p.
985 3444 1065 3508 231:
1098 3445 1165 3518 nul,
1193 3440 1301 3506 διακι-

249 3548 371 3612 tecam
394 3545 633 3634 (Θιμιοιοκλῆς)
656 3546 699 3634 μὴ
722 3558 874 3632 παρεῖναι
896 3557 1011 3632 φυγεῖν
1034 3545 1150 3624 uzindur,
1174 3544 1245 3611 ἀλλ’
1266 3547 1302 3612 έν

251 3645 488 3737 ᾦτοιράπονοαι
502 3653 566 3714 τῶν
581 3650 684 3727 πεζῶν
692 3675 787 3737 χοιρις
800 3653 886 3728 ὄντες
898 3652 1092 3733 ἐπιθέσθαι,
1107 3652 1202 3720 Diod.
1211 3654 1263 3740 lt,
1273 3655 1302 3721 2.

249 3752 364 3838 διόπερ
397 3751 418 3818 οι
443 3753 595 3837 βασιλεὺς
618 3802 626 3821 .
650 3803 658 3822 .
680 3809 688 3826 .
712 3756 844 3823 ἔσπενδε
876 3756 1021 3821 actium
1054 3756 1111 3832 τὰς
1153 3759 1304 3833 ναυτικὰς

250 3857 402 3940 δονοῖμιις
430 3861 494 3923 τῶν
512 3857 670 3946 Ἑλλήνων
695 3865 761 3938 ιὸις
792 3860 899 3937 ποζόις
920 3860 1145 3945 στρατοπέδοις
1166 3855 1304 3948 utputa*-

251 3959 335 4048 ζειν),
357 3982 441 4047 quae
464 3964 592 4048 quidem
607 3966 788 4035 Herodotus
809 3984 938 4053 prorsus
950 3967 1064 4033 omisit.
1106 3967 1205 4034 Porro
1219 3966 1304 4054 vide,

250 4087 346 4153 quam
375 4066 536 4137 Diodorus
566 4077 598 4138 et
626 4072 817 4140 Plutarchus
846 4073 930 4140 inter
966 4093 1001 4140 se
1031 4074 1234 4142 consentiant
1261 4075 1305 4141 ab

323 4298 351 4369 1)
370 4298 420 4355 cfr.
439 4299 538 4356 Jahnii
555 4304 650 4360 annal.
672 4301 751 4371 1852,
770 4321 836 4377 pag.
855 4303 917 4360 313.
