2954 4772
714 335 759 412 2⁵!

207 535 269 602 que
290 515 395 603 magis
407 537 491 604 quae
503 515 664 586 Diodorus
678 515 718 584 de
730 514 853 585 Isthmo
868 513 990 582 munito
1004 511 1103 580 habet
1115 508 1156 599 (c.
1165 509 1215 592 16,
1223 505 1259 596 6)

207 629 244 692 ut
265 629 300 692 ut
321 645 393 691 cum
415 623 570 692 Herodoti
592 624 700 692 verbis
722 621 960 692 similitudinem
981 640 1061 708 prae
1083 638 1119 686 se
1145 617 1262 702 icrunt,

210 749 252 796 ex
274 729 342 797 eius
360 731 452 798 libris
474 730 643 818 desumpta
664 749 735 796 csse
756 733 899 816 possunt,
922 727 998 812 quia
1020 728 1172 792 accurata
1193 739 1261 786 mov

208 834 238 902 ri
261 833 449 922 descriptio:
481 834 640 900 διαιεῐνον
672 832 726 900 ἐπὶ
756 833 903 908 maritove
930 830 1164 915 sarracenam
1194 823 1262 890 ἀπὸ

209 941 352 1022 Λεχαίου
373 943 464 1025 μέχρι
490 942 671 1024 Κεγχρεῶν,
704 939 792 1026 apud
812 937 1009 1006 Herodotum
1040 954 1105 1002 non
1137 930 1264 1016 legitur.

210 1042 331 1123 Quodsi
353 1044 490 1130 denique
511 1044 671 1112 Diodorus
693 1050 726 1111 ct
746 1043 936 1111 Plutarchus
963 1037 1131 1108 dissentire
1153 1033 1263 1103 videm

209 1153 278 1228 tur,
310 1150 371 1216 soli
392 1149 527 1218 Diodori
562 1149 781 1235 negligentiae
813 1148 1017 1216 tribuendum
1049 1152 1117 1233 est,
1149 1149 1185 1210 ut
1207 1139 1263 1227 qui

207 1254 320 1321 leviter
342 1255 436 1326 modo
459 1261 621 1324 auctorem
641 1275 842 1323 communem
863 1254 1055 1342 inspexerit3
1088 1272 1164 1318 nam
1190 1268 1262 1319 cum

209 1380 235 1427 o.
260 1363 310 1445 16,
332 1363 353 1429 3
376 1363 626 1450 Peloponnesios
665 1362 824 1428 communi
857 1361 1053 1428 Graecorum
1084 1359 1188 1458 classe
1220 1356 1264 1423 ad

208 1466 406 1535 Salaminem
434 1468 574 1534 insulam
604 1473 803 1552 congregata
844 1465 970 1533 demum
1013 1465 1169 1532 Isthmum
1196 1481 1263 1529 mu·

207 1569 362 1640 niendum
393 1572 556 1639 censuisse
583 1570 708 1655 tradat,
742 1569 870 1638 eosdem
903 1590 930 1636 c.
954 1569 1004 1648 15,
1028 1571 1049 1635 3
1078 1588 1165 1654 eum,
1198 1587 1261 1652 quo

208 1676 278 1744 loco
299 1677 510 1764 pugnandum
533 1683 618 1745 essct
647 1679 730 1744 inter
761 1676 858 1743 duces
890 1675 1136 1760 deliberaretur,
1156 1673 1262 1740 dicen·

208 1787 258 1849 tes
280 1781 374 1849 iacit:
404 1782 467 1869 „ad
488 1783 642 1850 Isthmum
672 1781 885 1870 belugcrcndi
905 1783 1010 1850 locum
1033 1799 1105 1848 esse
1127 1777 1263 1847 transie-

207 1886 359 1974 rcndum,
382 1895 417 1956 ut
439 1888 509 1974 qui,
541 1909 612 1958 cam
634 1888 710 1954 bene
732 1895 813 1954 essct
834 1888 994 1966 munitos,
1025 1885 1264 1974 (τετειχισμένον

209 1995 272 2077 γὰρ
295 1991 395 2059 αὑτοῦ
428 1993 549 2080 καλῶς)
579 1993 793 2080 fugientibus,
816 1994 844 2061 si
866 1994 943 2080 quid
964 1993 1074 2061 infesti
1095 1993 1129 2058 in
1151 2010 1262 2078 pugna

210 2099 321 2168 navali
343 2100 531 2186 accidisset,
563 2101 697 2168 tutelam
725 2106 757 2168 et
778 2101 982 2168 securitatem
1004 2101 1136 2166 daturus
1159 2097 1263 2165 ssset“

208 2203 294 2270 unde
322 2203 457 2272 Diodori
486 2211 518 2274 et
547 2204 712 2274 Plutarchi
741 2210 888 2273 auctores
917 2203 1061 2272 diversos
1089 2223 1155 2270 non
1183 2222 1264 2289 esse,

207 2308 351 2395 apparet.

273 2416 387 2482 Restat
408 2421 443 2481 nt
464 2436 568 2504 pauca
590 2416 708 2484 addam
731 2417 772 2484 de
801 2416 924 2483 duobus
947 2416 1087 2502 capitum
1108 2413 1265 2482 un--lx

209 2520 305 2606 locis,
329 2541 408 2606 quos
430 2541 471 2589 ex
493 2522 622 2609 Ephoro
644 2522 850 2590 Plutarchum
873 2522 1019 2588 hausisse
1041 2521 1178 2606 cogitari
1200 2541 1264 2588 non

210 2633 331 2713 potest3
354 2648 488 2713 quorum
510 2628 615 2717 priore
639 2629 752 2716 (evil
773 2629 859 2696 v.30
880 2651 911 2715 p.
924 2628 988 2695 225
1007 2667 1044 2676 -
1057 2628 1154 2695 finem
1177 2623 1263 2714 cap.)

210 2731 358 2817 exponit,
380 2733 586 2800 Euboeenscs
608 2732 726 2800 veritos
748 2753 789 2798 nc
811 2733 925 2800 classis
946 2733 1141 2800 Graecorum
1164 2733 1265 2799 disee

212 2836 318 2923 deret,
350 2857 408 2924 per
438 2839 649 2923 Pelagoniam
682 2839 766 2904 clam
803 2859 875 2905 curn
905 2839 1119 2907 Themistocle
1157 2840 1263 2924 egisse

162 3001 165 3006 ,
208 2961 424 3026 magnamque
446 2941 616 3027 pecuniam
638 2941 668 3009 ei
690 2943 833 3029 misisse,
863 2964 929 3028 qua
951 2951 1085 3031 accepta
1107 2943 1264 3030 Eurybia-

209 3043 282 3108 dem
304 3049 489 3128 ceterosque
510 3045 705 3112 Graecorum
729 3044 826 3114 duces
847 3049 1048 3134 corrupisset,
1070 3049 1264 3116 Architelem

209 3151 317 3212 autem
349 3147 421 3214 cibo
454 3147 552 3215 misso
586 3153 621 3213 nt
659 3155 804 3216 maneret
846 3152 1077 3218 commovisset.
1141 3153 1265 3220 Plator,

211 3250 289 3318 chus
311 3257 418 3318 autern
446 3253 517 3340 ipse
546 3252 626 3320 duos
654 3253 800 3320 nominat
828 3263 974 3322 auctores
1003 3257 1200 3326 Herodotum
1233 3261 1266 3324 et

209 3357 367 3426 Phaniam
389 3359 559 3441 Lesbium,
583 3379 715 3446 quorum
736 3381 778 3428 ne
798 3361 995 3429 Herodotum
1022 3383 1080 3450 pro
1102 3362 1266 3434 Plutarchl

211 3463 298 3532 fonte
321 3464 515 3550 habeamus,
538 3465 585 3531 uti
605 3465 740 3533 Wolfius
761 3467 845 3553 vult,
873 3467 1011 3553 primum
1032 3469 1165 3536 Marlius
1175 3469 1200 3557 ¹)
1223 3489 1264 3536 en

209 3568 396 3655 Pelagontis
419 3569 557 3637 hominis
571 3567 735 3638 Herodoto
757 3570 862 3656 ignoti
879 3573 1178 3640 commemoratione
1191 3573 1265 3639 Plu·

210 3675 354 3742 tarehum
376 3676 509 3743 aliunde
530 3676 620 3742 illam
641 3695 710 3743 rem
727 3677 914 3764 repetivisse
934 3677 1099 3746 iudicavit.
1143 3679 1208 3746 Sed
1224 3698 1265 3746 ne

209 3779 380 3848 Architelis
402 3780 531 3864 quidem
554 3799 671 3847 nomen
692 3780 875 3848 Herodotus
896 3783 1033 3870 scripsit,
1055 3783 1110 3868 qui
1131 3783 1265 3868 triginta

209 3885 401 3952 talentorum
425 3886 466 3952 ab
489 3885 733 3953 Euboeensibus
754 3887 922 3955 missorum
944 3888 1190 3957 Themistoclem
1202 3890 1266 3956 liu·

210 3989 341 4076 rybiadi
363 3991 520 4078 quinque,
541 3990 714 4059 Adimanto
737 3992 800 4059 tria
822 3992 969 4081 dantem,
1001 3995 1126 4080 reliqua
1157 4000 1265 4063 autem

281 4233 310 4305 1)
328 4235 452 4302 hieria,
474 4235 509 4292 de
531 4235 586 4292 lide
605 4235 743 4292 Herodoti
760 4239 943 4296 aPlntareho
956 4239 1071 4298 reiecta.
1087 4237 1174 4296 disa'
1167 4259 1263 4316 inaug.

208 4323 337 4396 Lugdun.
358 4325 489 4382 1826-
508 4325 557 4383 eir.
576 4324 667 4382 etiam
684 4325 893 4402 Lahmeyer,
911 4330 968 4387 hl.
986 4349 1015 4402 p.
1034 4331 1079 4387 69.
