2954 4772
708 293 753 358 60

203 459 238 523 ut
258 453 343 521 bunc
364 456 404 526 de
434 460 599 544 prodenda
621 463 727 548 patria
749 463 909 546 cogitasse
939 470 1102 548 morteque
1124 462 1256 547 dignum

202 576 273 624 ease
294 559 468 630 crederent
511 564 618 657 Quare
648 565 716 634 heri
736 585 801 633 uon
822 567 943 652 potuit,
972 575 1007 632 ut
1029 573 1102 632 onte
1123 571 1256 632 mortem

202 662 271 730 aius
295 664 540 736 Themistoclem
561 670 697 740 AthenIs
723 691 782 758 par
802 671 929 756 legatos
950 676 1149 756 accusarent,
1171 668 1256 754 quod

203 767 392 852 proditionis
419 774 554 844 consilia
587 795 659 842 cum
681 777 846 842 Pausania
868 777 975 842 animo
997 776 1158 842 solvisset.
1200 777 1257 842 At·

203 873 258 956 qui
287 881 412 941 constat
432 876 627 946 Pausaniam
649 900 713 947 nou
734 887 812 946 ante
840 901 961 947 annum
980 881 1061 965 471,
1089 899 1152 964 quo
1173 877 1256 944 The·

202 976 363 1048 mistocles
385 1001 442 1065 per
468 984 690 1052 ostracismum
711 985 873 1070 relegatus
894 993 951 1070 est,
973 992 1105 1051 mortem
1129 983 1258 1067 obiisse,

203 1083 280 1166 quia
301 1083 353 1150 hic
374 1085 465 1153 brari
484 1095 655 1174 postquam
674 1089 863 1176 proditionis
878 1090 1049 1156 damnatus
1070 1095 1120 1156 est
1139 1089 1173 1155 in
1186 1089 1257 1154 Asi·

203 1206 256 1251 am
279 1187 391 1272 lugam
412 1191 600 1277 capessivit,
630 1214 733 1278 nequa
756 1193 790 1260 id
812 1195 911 1261 multo
943 1196 1149 1280 priusquam
1171 1212 1256 1258 anno

203 1292 268 1384 466
311 1292 430 1362 Iactum
467 1315 554 1364 esse·
572 1300 723 1385 potast¹).
777 1299 932 1385 Magnam
967 1305 1079 1366 contra
1112 1297 1257 1365 veritatis

204 1399 342 1483 speciem
364 1421 441 1486 prae
464 1421 499 1468 se
519 1401 596 1489 lert,
626 1403 712 1488 quod
733 1403 924 1471 Plutarchus
946 1403 1025 1470 dicit
1046 1404 1088 1492 (c.
1109 1403 1256 1489 xxmp:

203 1501 399 1572 Pausaniam
427 1513 494 1573 tum
521 1506 649 1600 demum
678 1528 749 1576 cum
771 1509 1002 1576 Themistocles
1022 1509 1121 1593 Argis
1151 1527 1257 1574 versa

205 1613 294 1680 retur*
319 1608 364 1694 (et
393 1615 429 1677 ot
448 1612 548 1678 Thuc.
581 1633 608 1678 c.
633 1613 696 1680 135
719 1611 827 1679 addit:
856 1613 1035 1695 ἐπιφοιτῶν
1062 1611 1099 1675 δὲ
1126 1617 1180 1675 sal
1213 1613 1258 1686 stc

203 1722 259 1798 ιην
287 1711 390 1799 ἄλλην
423 1714 671 1802 Πελοπόννησον
702 1720 800 1804 essct)
836 1737 949 1783 ausum
982 1737 1052 1784 esse
1081 1737 1153 1782 cum
1184 1717 1256 1796 isto,

204 1838 297 1904 quem
328 1821 480 1906 sperabat
499 1821 618 1892 civium
637 1821 687 1887 ira
708 1821 938 1889 inflammatum
959 1822 1044 1906 lore,
1076 1841 1178 1906 prava
1198 1840 1258 1886 sua

204 1923 339 1992 consilto
359 1927 610 2014 communicare,
633 1933 666 1993 et
687 1927 825 1994 scrihere
848 1927 1002 2013 epistolas
1024 1931 1154 2012 propter
1176 1945 1257 2010 quas
1299 1947 1307 1971 s

206 2027 436 2097 Themistocles
466 2037 638 2098 accusatus
670 2037 729 2098 est
772 2032 870 2098 Falso
890 2031 990 2116 igitur
1010 2029 1171 2097 Diodorus
1196 2037 1258 2098 ret·

203 2134 276 2200 tulit
296 2134 329 2202 in
342 2134 792 2221 Themistoclcmpautequam
812 2142 966 2203 testarum
987 2135 1151 2220 suffragiis
1162 2135 1259 2202 Athe·

204 2240 255 2306 nis
288 2239 477 2324 pelleretur,
508 2240 699 2326 proditionis
728 2261 860 2308 causam
893 2262 951 2326 per
985 2240 1259 2308 Lacedaemonios

204 2363 275 2410 esse
301 2345 467 2412 intentam.
517 2347 629 2430 Neque
657 2365 722 2430 qua
756 2367 792 2414 re
826 2346 944 2413 Iactum
978 2346 1022 2412 sit
1041 2353 1076 2412 ut
1097 2345 1259 2413 Diodoms

203 2451 238 2516 in
274 2471 412 2516 errorem
450 2450 546 2517 istum
577 2449 713 2536 illapsus
742 2471 794 2517 res
816 2450 1013 2536 confuderit,
1044 2451 1176 2517 difficile
1210 2459 1259 2519 est

204 2555 299 2622 dictu.
342 2555 476 2623 Videtur
497 2556 581 2622 enim
604 2575 638 2623 ra
660 2575 738 2621 vera
756 2554 890 2622 Diodori
911 2561 943 2622 et
964 2555 1128 2623 Plutarchi
1148 2563 1260 2624 auctor

204 2660 245 2726 dc
268 2658 393 2726 duabus
415 2657 640 2726 Themistoclis
667 2659 925 2725 accusationibus
955 2659 1133 2742 rettulisse,
1164 2659 1259 2725 modo

206 2785 246 2832 nc
274 2772 420 2851 putemus
450 2771 615 2848 utramque
644 2763 952 2831 aLacedaemoniis
981 2783 1052 2830 esse
1082 2763 1259 2850 prolectam

205 2871 251 2937 uti
273 2868 399 2936 Siculus
430 2867 507 2934 vult.
551 2867 639 2934 Dicit
661 2868 747 2934 enim
777 2865 969 2934 Plutarchus
991 2867 1031 2955 (c.
1054 2866 1184 2951 XXIII)
1207 2886 1259 2932 aa·

205 2973 346 3042 cusantia
374 2980 482 3059 partes
510 2971 557 3060 (in
590 2972 733 3040 secunda
755 2971 868 3058 causa)
891 2971 1070 3057 suscepisse
1095 2971 1260 3038 Leohotcn

205 3076 374 3164 quendam,
395 3075 599 3144 Alcmaeonis
620 3077 737 3161 lilium,
764 3082 796 3142 et
818 3095 858 3142 nc
882 3096 955 3141 cnm
977 3093 1102 3141 errasse
1123 3080 1181 3140 aut
1203 3094 1259 3139 no-

205 3183 292 3250 mina
314 3180 498 3250 confudisse
520 3187 666 3267 putemus
688 3180 1021 3267 optimumhabemns
1043 3186 1157 3246 testem
1180 3178 1257 3246 (lra-

204 3288 352 3375 terum2).
374 3287 599 3375 (ccvcpotaya
619 3285 655 3350 di
678 3295 742 3360 cote
764 3281 828 3349 tuo
854 3283 1066 3367 Θεοφράστου
1089 3283 1137 3346 ὄπ
1162 3283 1258 3362 &epa-
1321 3323 1324 3328 -

205 3393 339 3462 econtra
350 3391 517 3477 ιῑςήγγειλε
529 3393 610 3455 κατὰ
625 3390 785 3475 Κράτιριιν
797 3388 970 3469 Αιωβότας
989 3386 1211 3471 Ἀγραιῖληῧιν
1225 3387 1261 3472 ⁸),

279 3537 305 3606 1)
324 3535 374 3591 cir.
394 3534 541 3591 Piarson
563 3531 594 3587 in
618 3531 775 3602 Philologo.
803 3529 924 3586 XXVIII
948 3547 1014 3601 pag.
1033 3531 1083 3596 ts;
1108 3528 1261 3584 Schtler

205 3630 223 3682 l.
242 3629 262 3682 l.
282 3644 348 3698 pag.
366 3625 383 3678 6
402 3625 432 3680 et
454 3623 486 3678 18
503 3640 582 3691 sequ.
600 3625 630 3678 et
647 3637 718 3690 quoa
736 3620 781 3675 illi
803 3621 1014 3676 annotaverunt
1033 3619 1117 3674 locos.
1154 3618 1261 3674 Causae

204 3733 276 3788 quas
293 3715 379 3772 Otto
399 3714 429 3770 in
448 3711 647 3768 dissertatione
666 3727 753 3780 quam
770 3708 928 3781 inscripsit:
947 3707 1149 3766 Themistocles
1166 3707 1261 3780 μηδισ-

203 3803 259 3878 μοῦ
283 3822 368 3875 qnam
393 3804 497 3859 vocant
519 3801 590 3856 falso
618 3801 766 3856 accusatus
792 3800 844 3854 est.
889 3798 998 3870 (Progr.
1023 3815 1120 3869 gymn.
1148 3795 1261 3852 Padrib.

207 3894 289 3965 1866)
308 3911 373 3966 pag.
392 3894 428 3948 38
446 3890 530 3947 affert
548 3905 659 3960 prorsus
678 3886 753 3942 nihil
771 3887 878 3942 valent.

279 3987 308 4055 a)
326 3982 438 4047 usurae
457 3981 511 4052 ng.
530 3981 558 4034 ι.
578 3979 612 4034 a.
631 3978 657 4032 ιι
675 3997 703 4049 p.
722 3978 784 4040 ors,
803 3978 829 4032 ι.

275 4075 305 4146 3)
323 4073 365 4129 De
383 4071 499 4128 Cratero
516 4069 566 4124 cir.
585 4067 758 4130 hlaineha.
777 4063 915 4136 Stephani
935 4061 1066 4136 Byzantii
1084 4062 1261 4119 ethnicorum

204 4181 277 4234 quae
308 4160 468 4233 supersunt.
487 4159 513 4223 1,
538 4175 565 4228 p.
585 4157 648 4210 714.
673 4184 708 4195 -
743 4153 899 4215 Boeclrh,
924 4167 948 4206 c.
969 4149 987 4205 i.
1012 4148 1106 4221 Gn'p.
1131 4150 1208 4205 VIII.
1229 4181 1260 4190 ω

206 4251 379 4316 Niebuhr,
398 4266 491 4319 opusc.
512 4247 578 4302 hist.
598 4246 618 4310 1,
639 4264 665 4315 p.
685 4247 746 4299 ⁸225.
767 4273 798 4282 -
819 4242 956 4307 Miller,
976 4241 995 4294 l.
1014 4239 1041 4294 h.
1060 4239 1094 4295 G.
1113 4240 1148 4294 II.
1167 4242 1229 4296 615.
