2954 4772
733 325 776 391 ‘14

226 497 288 581 γὰρ
320 497 528 581 πλανώμενος
557 501 630 580 napi
658 497 714 581 ιήν
741 495 871 574 Ἀσίαν,
903 515 976 562 oum
1006 491 1053 560 eis
1087 486 1167 579 ipsis
1201 509 1285 574 quae

226 603 369 688 proxime
401 602 598 690 praecedunt
628 603 812 689 exposuerit
840 606 917 686 quot
936 599 1044 666 varios
1066 615 1179 681 casus,
1208 599 1286 679 quot

228 728 333 774 rerum
363 708 513 776 discrima
534 707 767 774 Themistocles
798 727 870 773 cum
902 724 960 791 per
986 703 1080 770 varia
1093 701 1200 767 ‘Asiae
1229 719 1285 784 op-

227 811 305 898 pida
325 813 580 899 proficisceretur
589 819 740 898 expertus
763 811 830 879 sit?
874 811 957 877 Tum
979 827 1043 893 qua
1065 806 1190 873 ratione
1212 823 1284 870 cum

230 916 281 984 his
305 918 498 985 conveniunt
520 936 603 1001 quac
625 916 721 984 dicit:
744 917 798 979 dni
821 913 926 979 πολὺν
947 914 1064 997 χρόνον
1086 907 1191 984 toea<
1212 907 1285 992 διῆ-
1349 897 1360 918 ”

225 1022 302 1100 rav?
326 1043 421 1109 porro
452 1042 538 1107 quac
566 1029 742 1108 sequuntur
764 1017 803 1086 ori
826 1023 917 1084 noire
945 1043 974 1082 τι
995 1028 1060 1092 τοῖς
1087 1014 1284 1099 Ἑλληνικοῖς

156 1207 159 1212 ¹
228 1125 394 1210 πράγμασι
422 1123 580 1207 βασιλέως
614 1127 840 1208 προσέχοντος,
870 1143 976 1192 nonne
1005 1139 1136 1208 prorsas
1158 1124 1284 1185 contra-

228 1231 277 1297 ria
309 1230 357 1296 eis
378 1236 473 1314 sunt,
505 1248 588 1314 quac
610 1229 801 1296 Plutarchus
822 1229 952 1295 ineunte
975 1247 1002 1294 o.
1020 1225 1117 1292 XXX
1139 1220 1284 1306 scripsit:

228 1337 452 1415 καιαβαίνοντι
489 1334 518 1398 d'
540 1330 626 1421 αὐτῷ
658 1334 738 1418 πρὸς
765 1337 821 1409 τὰς
851 1331 1033 1419 Ἑλληνικὰς
1063 1330 1197 1413 πράξεις
1229 1324 1283 1388 ἐπὶ

227 1439 425 1504 θάλασσανῒ
467 1440 556 1506 Inter
587 1459 622 1506 se
650 1459 728 1506 vero
762 1439 870 1505 omnia
893 1437 982 1525 (inde
1005 1458 1025 1504 a
1049 1457 1080 1502 v.
1104 1435 1144 1499 14
1165 1453 1196 1518 p.
1218 1430 1284 1496 250

227 1544 333 1611 -lin
346 1543 430 1632 cap.)
448 1550 536 1611 arcte
557 1544 740 1629 cohaerent,
763 1543 935 1610 enunciata
958 1543 1039 1609 bene
1062 1561 1097 1607 se
1120 1536 1284 1622 excipiunt

227 1656 260 1715 et
280 1648 446 1735 periodum
468 1649 613 1716 efficiunt
641 1649 760 1735 optime
782 1647 973 1714 absolutam.
1015 1645 1129 1727 ltaque
1151 1639 1283 1706 dubium

227 1775 297 1820 esse
319 1774 384 1821 non
405 1760 519 1840 potest,
541 1754 618 1838 quin
639 1773 679 1820 ex
703 1773 767 1820 uno
790 1752 879 1819 fonte
901 1751 1010 1818 omnia
1031 1747 1197 1832 fluxerint,
1228 1744 1283 1828 qui

227 1857 371 1925 diversus
393 1858 435 1924 sit
455 1858 497 1924 ab
520 1878 559 1924 eo
574 1856 658 1924 unde
681 1855 988 1925 cxxvl-xxxl
1010 1854 1178 1938 desumpta
1199 1854 1284 1916 suut.

227 1961 313 2028 Addi
333 1968 438 2048 potest
470 1969 630 2029 auctorem
652 1962 816 2030 Plutarchi
848 1981 953 2027 rerum
975 1960 1161 2045 scriptorem
1183 1955 1283 2021 fuisse

226 2066 339 2153 videri,
360 2068 436 2151 quia
457 2088 521 2134 non
536 2067 796 2134 narratiunculae
818 2067 943 2152 inanes,
965 2065 1013 2131 uti
1023 2064 1059 2130 fit
1073 2063 1107 2128 in
1129 2062 1177 2128 eis
1198 2080 1282 2144 quae

226 2171 431 2257 praecedunt,
453 2171 512 2238 sed
533 2191 584 2238 res
607 2178 728 2258 gestae,
750 2173 891 2239 breviter
910 2171 987 2237 illae
1006 2169 1135 2254 quidem
1157 2164 1214 2233 sed
1236 2166 1283 2231 uti

226 2298 262 2344 se
283 2276 473 2363 hahuerunt,
494 2276 718 2363 proferuntur,
741 2283 838 2363 atque
860 2297 933 2344 eum
947 2274 1075 2362 quidem
1096 2273 1282 2358 scriptorem

227 2388 282 2471 qui
303 2385 471 2452 historiam
482 2385 677 2451 ornamentis
700 2385 866 2451 rhetoricis
877 2384 1082 2452 exornaverit
1103 2382 1174 2471 (cfr.
1196 2403 1225 2448 v.
1238 2383 1282 2448 28

226 2489 328 2578 sequ.)
359 2497 392 2556 et
421 2489 461 2556 de
489 2488 704 2555 Themistocle
741 2489 897 2555 benevole
930 2488 1130 2555 iudicaverit
1174 2488 1287 2567 Quare

225 2600 302 2681 puto
336 2593 541 2660 Plutarchum
577 2591 621 2658 ad
658 2592 779 2659 fontem
816 2594 1005 2679 primarium
1040 2612 1203 2660 reversum
1240 2612 1280 2657 ex

226 2698 365 2785 Ephoro,
387 2719 470 2782 quae
493 2696 533 2762 dc
542 2697 765 2765 Themistoclis
787 2698 955 2785 postremis
977 2698 1065 2764 ritae
1086 2697 1282 2783 temporibus

228 2810 259 2870 ct
281 2809 381 2869 morte
411 2802 525 2887 habet,
557 2801 713 2868 hausisse.
756 2802 806 2868 Dc
826 2800 1016 2887 Thucydide
1038 2801 1123 2867 enim
1145 2801 1282 2885 cogitari

115 2995 119 3005 Δ
227 2908 337 2992 nequit
372 2914 407 2974 ut
443 2907 498 2990 qui
526 2906 624 2973 multo
653 2907 782 2973 brevior
803 2908 860 2993 sit,
897 2913 929 2973 et
960 2926 1001 2972 nc
1034 2905 1281 2992 eTheopompo

227 3012 308 3076 hacc
336 3008 467 3076 fluxisse
498 3015 645 3095 putemus
666 3011 858 3076 Plutarchus
887 3011 958 3097 ipse
987 3015 1091 3086 vetat,
1123 3011 1178 3094 qni
1205 3009 1280 3075 ideo

230 3117 332 3182 solum
355 3113 470 3181 (lhium
492 3114 620 3199 laudat,
652 3120 688 3180 ut
710 3115 901 3181 sententiam
923 3113 992 3181 eius
1014 3115 1150 3199 refutet3
1172 3116 1281 3200 Nepos

230 3227 341 3288 contra
370 3240 441 3285 cum
469 3219 640 3286 Plutarcho
670 3221 828 3286 consentit
855 3219 940 3305 qnod
972 3227 1005 3286 et
1032 3221 1103 3306 ipse
1136 3220 1280 3306 scripsit:

230 3324 443 3415 „domicilium
464 3324 653 3409 Magnesiae
675 3325 737 3391 sihi
758 3323 952 3392 constituit“.
974 3325 1086 3412 (Plutz
1120 3325 1157 3387 dr
1180 3330 1280 3403 Μαγ-

228 3434 321 3516 νησίᾳ
343 3427 465 3515 οἰκῶν),
487 3447 589 3511 neque
611 3428 796 3514 qnisquam,
819 3450 970 3513 magnam
991 3429 1279 3515 praebcrcPlntar-

227 3538 321 3602 chum
361 3533 494 3600 Diodori
528 3532 768 3599 similitudinem
809 3553 880 3626 cap.
914 3535 954 3600 57
965 3585 974 3620 ,
1002 3535 1072 3600 dl
1111 3539 1143 3600 et
1175 3535 1279 3616 58,1,.

227 3638 448 3706 Themistoclis
481 3638 619 3704 honores
646 3637 856 3705 describentis
890 3640 1031 3724 negabit.
1082 3640 1280 3705 Putaverunt

227 3745 284 3811 alii
305 3742 525 3828 Plutarchum,
562 3762 645 3826 quae
675 3743 716 3809 de
747 3750 847 3810 morte
869 3744 1092 3811 Themistoclis
1124 3744 1281 3831 proferret

228 3870 354 3918 nonen
377 3848 507 3935 Ephoro
536 3847 594 3914 sed
624 3849 688 3915 alio
712 3850 864 3935 scriptore
887 3850 1048 3933 hausisse3
1078 3857 1174 3934 atque
1194 3849 1280 3916 Ruh-

227 3957 290 4022 lius
319 3953 447 4039 quidem
477 3952 521 4040 (p.
543 3951 600 4040 28)
624 3973 693 4018 cum
724 3952 931 4041 adscripserit
951 3955 1056 4021 locum
1077 3974 1096 4020 e
1118 3955 1281 4022 Ciceronis

227 4062 314 4126 Brut.
336 4079 362 4125 c.
375 4058 423 4124 Xl
446 4057 664 4143 desumptum:
690 4059 753 4145 „Ut
776 4059 860 4125 enim
882 4065 917 4126 tu
939 4078 1023 4125 nunc
1044 4057 1085 4124 de
1098 4059 1280 4145 Coriolano,

225 4166 271 4231 sic
292 4163 472 4230 Clitarchus
493 4161 540 4228 sic
559 4162 732 4230 Stratocles
754 4161 794 4229 de
816 4163 1029 4231 Themistocle
1052 4163 1152 4230 finxit.
1196 4166 1278 4232 Nam

226 4287 318 4351 quem
342 4264 547 4350 Thucydides
571 4314 577 4330 .
602 4315 608 4328 .
631 4314 639 4330 .
661 4315 668 4332 .
690 4265 772 4330 huuc
793 4266 846 4332 isti
868 4267 967 4352 aiunt,
991 4285 1061 4333 cum
1074 4274 1199 4333 taurum
1222 4270 1279 4333 im-
